3182 5014
312 810 553 878 ffl2mw

355 918 445 983 Nihil
465 935 520 1000 ooo
541 918 578 980 io
600 918 718 983 occulto
740 917 834 1002 ἀμυνο
854 918 947 983 soleo.
967 952 1011 966 -·-

311 1017 507 1089 Vocabulum
522 1023 640 1088 occulto
663 1017 744 1087 male
768 1016 945 1086 occultatur
961 1033 992 1084 et
1006 1018 1209 1110 deprimitur;
1226 1017 1309 1107 lege:

354 1127 464 1194 Nilia
485 1129 602 1192 occulto
625 1145 680 1210 eqo
703 1129 797 1211 ἀμυνο
818 1128 911 1194 soleo.
935 1163 979 1176 -

308 1228 378 1293 Non
401 1225 551 1294 dissimile
578 1229 692 1296 vitium
712 1232 794 1298 infra
816 1231 869 1296 111.
895 1235 930 1313 3,
944 1254 993 1298 vs.
1014 1233 1057 1296 85
1079 1229 1242 1323 hucusque
1263 1231 1344 1318 sugit

309 1329 464 1412 editores;
482 1328 527 1395 ibi
545 1327 729 1417 legendum:

353 1435 475 1521 Alfeno
489 1455 556 1504 oon
574 1457 610 1504 so
626 1446 734 1523 potare
753 1440 804 1505 hio
822 1442 912 1506 dicat.

224 1626 232 1642 ⁸
308 1616 360 1685 IV.
393 1620 414 1681 3
437 1638 485 1683 vs.
512 1618 563 1682 22.

351 1707 463 1772 Pdtius
485 1709 602 1792 majora·
622 1707 736 1774 honori
757 1709 808 1775 hio
830 1717 950 1788 essent,
972 1729 1069 1795 qoam
1091 1727 1196 1774 omres
1215 1709 1300 1774 matt.

308 1809 361 1875 Sic
379 1808 493 1896 vulgo,
514 1811 651 1876 numeris
672 1808 778 1877 nullis.
825 1815 1036 1879 llermannus:

353 1916 464 1981 Potius
478 1918 597 2003 mojori
613 1923 718 1983 dorent
734 1919 786 1984 hio
805 1921 938 1998 haudd,
956 1940 1052 2004 quom
1069 1923 1172 1984 owrds
1188 1907 1273 1986 mali.

309 2034 458 2110 pereunte
476 2042 611 2087 caesura.
632 2021 786 2087 Weisius:

351 2128 467 2214 Mdjors'
480 2130 531 2196 laio
547 2129 659 2194 honori
668 2130 777 2210 potius
797 2135 924 2206 assent,
946 2146 1042 2213 qoam
1061 2132 1164 2193 moros
1180 2128 1282 2192 matta

307 2251 401 2295 versu
414 2230 554 2322 optimo,
572 2231 627 2297 sed
642 2230 736 2297 nimis
757 2229 897 2296 violenta
916 2230 993 2298 haec
1009 2230 1135 2297 videtur
1144 2231 1177 2295 in
1187 2229 1340 2296 mutando

309 2331 478 2400 verborum
505 2335 615 2401 ordine
643 2336 740 2420 ratio„
779 2336 858 2404 Vide
885 2335 982 2422 igitur
1011 2358 1051 2401 an
1069 2337 1208 2402 eamdem
1234 2332 1338 2400 versui

309 2440 438 2525 gratiam
459 2438 626 2532 conciliare
644 2438 737 2505 liceat
756 2437 913 2507 lenissima
933 2441 1122 2521 mutatione,
1139 2441 1200 2506 hoc
1223 2438 1337 2505 modo:

310 2549 420 2614 Potius
442 2551 477 2612 in
500 2549 617 2633 mojdrs'
637 2549 756 2613 honore
784 2550 834 2612 nlo
863 2556 979 2626 assent,
1001 2567 1098 2633 qoam
1127 2552 1230 2613 mords
1251 2547 1337 2612 ntuli.

309 2649 572 2738 Praepositionem
596 2652 631 2713 in
651 2647 736 2738 quod
760 2648 892 2729 inser'ui,
920 2648 954 2711 id
975 2650 1093 2714 nemini
1111 2649 1260 2714 audaciae
1278 2669 1338 2712 no-

308 2753 391 2817 mine
413 2749 613 2841 displicebit;
631 2754 771 2843 sequitur
794 2754 878 2819 enim
899 2751 1057 2835 literam,
1083 2755 1215 2845 quaein
1240 2753 1336 2818 Godd.

308 2857 364 2922 vix
383 2855 516 2922 discerni
535 2869 639 2946 potest
659 2855 699 2920 ab
723 2862 766 2924 in.

697 2992 732 3000 ..-

308 3040 344 3108 V.
366 3041 386 3104 2
408 3061 454 3105 vs,
472 3041 527 3104 60:
557 3040 647 3104 Hunc
678 3062 804 3105 versum
833 3037 923 3107 aliter
948 3044 1028 3110 inter
1054 3066 1201 3135 personas
1234 3045 1337 3114 distri·

307 3145 467 3211 buendum
493 3144 595 3210 credo.
634 3145 733 3233 Ajunt
755 3145 969 3235 imperfectam
999 3148 1134 3240 relinqui
1162 3149 1337 3222 Charmidis

308 3249 500 3330 orationem3
518 3263 551 3314 at
564 3271 629 3314 non
648 3263 746 3316 estex
763 3251 987 3318 consuetudine
1007 3255 1215 3344 scriptorum,
1235 3278 1336 3347 neque

307 3378 345 3422 ex
363 3378 438 3422 sana
460 3355 600 3436 ratione,
623 3370 658 3424 ut
677 3355 829 3422 sententia
856 3355 901 3420 ita
923 3355 1118 3451 relinquatur
1137 3361 1335 3451 imperfecta,

307 3474 343 3526 ut
361 3482 425 3525 non
442 3464 543 3553 possit
554 3460 708 3549 intelligi,
728 3461 887 3552 quomodo
902 3461 944 3528 sit
962 3464 1147 3558 supplenda,
1169 3467 1267 3552 Igitur
1278 3487 1335 3552 ego

305 3565 359 3634 lric
377 3566 520 3655 legerim:

742 3673 798 3741 Gn.
824 3695 1017 3762 quamquam
1039 3677 1097 3745 tibi
1118 3676 1290 3753 succensui,

305 3780 436 3847 miserto
451 3803 519 3848 ona
536 3783 597 3848 ool
616 3784 741 3868 quidam
752 3781 876 3847 homiui
892 3791 940 3850 est
955 3782 1080 3868 offatim
1100 3779 1151 3846 Cn.
1173 3781 1242 3846 Into
1259 3779 1334 3844 iulo

1133 3891 1181 3948 est
1194 3901 1331 3965 porum

305 3992 383 4056 adm
398 3992 499 4076 cipro
514 3991 652 4075 porcillis
670 3997 795 4055 centum
807 3990 901 4053 ducat
920 3997 1036 4055 uuordo
1051 3989 1219 4073 porum'st.

305 4093 519 4184 Apparetnon
542 4096 621 4164 serio
641 4092 729 4184 loqui
748 4087 921 4168 Calliclem,
944 4093 998 4160 sed
1013 4092 1114 4180 jocari
1137 4089 1258 4176 magis*
1357 4180 1358 4186 ἵ

696 4277 923 4308 *qa-u·—
