3182 5014
742 625 780 686 71

252 816 275 880 1.
298 818 313 878 1
334 837 378 880 vs.
401 815 522 880 24.111.
541 818 561 879 3
581 837 626 880 vs.
648 816 690 879 33
712 828 743 880 et
762 815 798 883 V.
819 816 839 878 2
861 836 906 880 vs.
933 813 986 903 24)
1008 815 1094 882 Idem
1115 813 1146 882 h.
1172 814 1193 881 l.
1223 815 1291 880 fac·

252 927 319 983 tu'm
335 918 429 985 fuisse
450 919 602 1011 suspicor.
625 918 785 1008 Scriptum
807 932 891 984 erat:

252 1022 280 1089 0
300 1028 402 1093 amica
420 1029 527 1094 salva!
548 1025 767 1091 nostrornm
788 1036 819 1092 et
835 1036 871 1092 ta
889 1026 997 1108 edepol
1012 1026 1108 1102 salvo,
1129 1023 1284 1089 cottone.

250 1129 319 1193 Jam
351 1151 452 1207 vero,
481 1153 553 1196 cum
583 1127 725 1194 viderent
755 1127 891 1209 librarii,
921 1142 1056 1193 extrema
1091 1149 1144 1218 per
1161 1148 1192 1192 se
1210 1125 1285 1191 inte·

250 1255 341 1318 grum
361 1233 548 1299 constituere
558 1231 728 1307 senarium,
751 1230 874 1323 reliqua
899 1228 1015 1295 verba:
1035 1232 1056 1298 ί
1080 1234 1182 1298 amice
1197 1235 1289 1298 solve·

249 1336 376 1406 alterius
394 1337 506 1405 senarii
525 1351 647 1427 partem
667 1359 731 1403 esse
743 1336 912 1427 putabant,
936 1359 1029 1426 quern
1048 1351 1084 1402 ut
1109 1335 1282 1427 explerent,

248 1440 407 1508 inficetum
435 1439 516 1507 illud
546 1455 577 1506 et
606 1441 748 1531 ineptum
765 1441 997 1532 adscripserunt
1017 1440 1283 1520 additamentum,

249 1545 334 1637 qnod
363 1549 430 1634 jam
465 1546 656 1612 damnamus.
688 1545 803 1612 Eadem
822 1544 980 1614 scribendi
998 1546 1191 1611 consuetudo
1212 1543 1284 1611 effe·

248 1652 311 1730 cit,
333 1664 370 1715 ut
388 1648 475 1717 loeus
496 1650 631 1716 Terentii
653 1650 748 1717 Andr.
768 1653 803 1720 V.
826 1653 845 1716 4
868 1675 912 1718 vs.
932 1657 950 1717 5
974 1652 1084 1717 misere
1102 1669 1283 1737 corrumpe·

247 1769 347 1834 retur,
382 1777 474 1846 quem
498 1753 657 1847 praeclare
688 1758 823 1823 correxit
855 1755 1029 1837 Beothius,
1053 1770 1085 1821 et
1109 1769 1180 1820 ante
1209 1776 1281 1819 enm

246 1860 393 1950 Guyetns.
437 1860 500 1925 Nee
530 1860 653 1928 diversa
680 1864 760 1928 ratio
778 1877 825 1928 est
857 1863 890 1927 in
913 1859 983 1928 loco
1006 1858 1152 1931 Pseudoli
1172 1860 1238 1923 Act.
1255 1859 1283 1923 1.

245 1965 296 2030 Se.
330 1968 345 2028 1
372 1986 417 2051 vs.
444 1967 503 2044 79,
536 1963 592 2030 ubi
615 1964 805 2032 vocabulum
824 1970 981 2034 Pseudote
1003 1962 1173 2030 delendum
1195 1983 1280 2041 esse,

244 2082 327 2134 recte
350 2068 473 2132 monuit
492 2067 636 2150 Bothius;
658 2072 711 2138 sed
732 2071 890 2164 quomodo
907 2069 961 2136 ille
972 2085 1074 2136 totum
1090 2066 1195 2134 locum
1206 2089 1283 2132 con-

201 2207 203 2210 ·
245 2174 379 2239 stituerit
390 2223 398 2254 ,
408 2174 517 2258 ignoro
529 2198 536 2254 3
547 2197 620 2240 nam
635 2175 732 2267 (qnod
748 2198 936 2266 magnopere
944 2173 1046 2265 doleo)
1057 2175 1158 2264 ipsam
1174 2171 1279 2236 Bothii

244 2277 458 2344 editionemad
467 2301 595 2343 manum
605 2300 669 2343 non
679 2279 788 2348 habeo.
798 2282 863 2366 Ego
872 2281 916 2346 sic
925 2278 1029 2346 locum
1038 2274 1277 2343 constituebam:

242 2383 293 2450 Cr.
327 2387 428 2452 Miser
451 2405 543 2463 sum,
582 2395 748 2470 arpentum
773 2393 932 2474 ottsqnam
960 2387 1086 2452 invenio
1122 2386 1277 2448 mutuom.

1107 2487 1158 2552 Ps.
1184 2489 1277 2552 Heu!

243 2591 294 2658 Cr.
318 2594 429 2677 Neque
447 2596 536 2660 tatus
554 2613 707 2660 marmur
723 2596 810 2660 {allos
836 2605 890 2660 est.
913 2595 957 2659 rs.
980 2595 1094 2660 ane!
1116 2594 1233 2658 Eheu!

240 2698 291 2764 Gr.
314 2701 374 2767 ttto
399 2696 633 2766 dhdaatnros'st
653 2701 817 2764 moliorem
831 2719 913 2766 cras.
938 2695 985 2764 Ps.
1008 2701 1103 2765 Heu!
1119 2697 1233 2763 Eiron!

287 2803 330 2868 5⁰.
376 2803 482 2891 Ejecto
512 2798 696 2866 emblemate
713 2799 769 2867 illo
788 2800 928 2882 insulso,
954 2800 1074 2892 reliqna
1096 2815 1127 2866 et
1153 2822 1277 2867 sensnm

239 2906 391 2998 praebent
416 2909 573 2994 egregium
595 2920 627 2972 et
642 2907 798 2973 senarium
815 2910 953 2976 numeris
971 2906 1166 2986 absolutum,
1188 2905 1274 2997 quod

238 3035 346 3093 nemo,
368 3014 495 3102 opinor,
528 3012 709 3103 ponderatis
729 3014 856 3080 caeteris
880 3015 1089 3100 argumentis,
1108 3011 1193 3078 casui
1219 3010 1276 3075 tri-

238 3114 321 3183 buet.
344 3117 521 3202 Legendum
548 3115 645 3200 igitur
663 3131 726 3182 est:

282 3221 332 3287 Cr.
357 3223 384 3288 0
403 3225 505 3290 amice
525 3227 613 3289 salae
622 3232 633 3285 t
655 3225 711 3289 Mn.
735 3236 767 3291 et
785 3234 820 3292 ta
843 3227 951 3309 edepol
972 3229 1058 3293 solvo
1075 3225 1226 3291 Cdltirtes.

237 3327 300 3392 Sic.
325 3327 416 3392 Poen.
441 3328 476 3396 V.
501 3331 585 3394 2vs.
611 3331 669 3394 79:

280 3433 340 3497 Ha.
353 3432 380 3498 0
393 3434 439 3500 mi
446 3439 635 3518 popularis,
652 3437 758 3503 salve!
780 3434 835 3502 Ae.
857 3446 930 3504 etta
941 3440 1059 3521 edepol,
1069 3437 1211 3522 quisquis
1221 3453 1269 3499 er.

236 3536 312 3602 ibid.
337 3560 382 3604 vs.
404 3541 486 3604 116:

214 3697 217 3706 i
277 3645 328 3708 Mt
347 3642 584 3727 permeant-vo!
607 3647 663 3711 Ha.
687 3657 718 3713 et
739 3651 773 3713 tat
796 3651 912 3716 salveto
931 3647 1152 3736 Ayoro'stoolas.

234 3745 348 3812 bacch.
371 3748 407 3816 V.
427 3750 442 3810 1
464 3771 510 3814 vs.
534 3752 591 3814 20:

278 3855 454 3921 Philemone
475 3857 582 3921 salvo!
604 3854 659 3920 ΡΗ.
681 3866 713 3922 at
726 3861 766 3923 tat.

234 3961 320 4051 Capt.
336 3962 373 4030 V.
399 3965 417 4026 4
438 3985 484 4028 vs.
510 3964 565 4027 12:

278 4066 371 4133 Solve
400 4067 567 4151 Tyndaro!
583 4067 633 4132 Tr.
650 4076 679 4134 at
696 4079 737 4136 tu.
