3182 5014
799 611 842 680 24

300 810 435 880 secunda
464 809 506 876 ob
531 810 707 900 positonem
728 803 938 906 producatur,
965 809 1114 901 prohibet
1129 823 1282 904 perpetua
1301 827 1334 880 et

300 933 445 986 constans
465 915 569 984 Plauti
585 913 787 982 consuetudo.
850 917 855 922 '

342 1025 584 1090 meum.
799 1015 802 1026 ’

341 1133 415 1198 Meo
436 1152 488 1196 me
509 1125 683 1214 odqeom’rt
704 1128 897 1209 moriqorom
916 1127 1027 1211 patri,
1058 1126 1132 1212 ojus
1152 1131 1257 1195 studio
1280 1149 1333 1195 rar

1099 1231 1178 1317 (viro
1208 1237 1338 1300 adderet
1398 1249 1401 1254 ’

297 1334 353 1402 uhi
370 1361 434 1404 non
451 1350 515 1404 tam
533 1361 639 1406 versus
656 1361 750 1430 quam
761 1359 867 1404 sensus
885 1359 977 1404 causa
996 1336 1090 1403 inseri
1104 1351 1247 1427 oportere
1258 1357 1332 1404 ver-

297 1442 373 1510 bum
394 1467 463 1512 erse
482 1459 564 1511 recte
579 1447 646 1533 jam
666 1443 814 1509 viderunt
832 1442 1033 1531 interpretes3
1055 1464 1164 1508 verum
1175 1464 1240 1508 non
1259 1455 1333 1507 ante

296 1571 330 1616 v.
357 1556 460 1635 patri,
487 1551 540 1617 sed
561 1563 635 1641 post
659 1545 740 1613 illud
770 1548 848 1638 poni
874 1560 1062 1638 oportuerat.
1090 1548 1176 1614 Idem
1199 1546 1332 1614 verbum

298 1653 463 1744 interpone
481 1654 566 1720 Asin.
590 1656 627 1722 V.
653 1655 672 1717 2
695 1675 741 1719 vs.
765 1655 817 1718 33.

352 1759 439 1839 Quid
456 1759 581 1846 sotere?
608 1799 647 1811 —
671 1781 723 1827 me
744 1769 785 1826 etr
805 1775 915 1828 errrore
936 1760 1036 1846 dojnr
1057 1765 1126 1828 esse
1145 1783 1278 1849 eorrup-

976 1875 1046 1931 tom
1063 1866 1183 1952 oppido.

339 1968 424 2034 Asin.
444 1969 482 2034 11.
507 1971 536 2034 2,
556 1991 602 2034 vs.
621 1971 661 2034 47
678 1967 774 2052 Lego:
794 1975 920 2035 tontum
939 1969 1067 2055 [moos
1088 1971 1179 2036 modo
1201 1990 1257 2055 eqo
1278 1971 1330 2035 io-

296 2078 387 2154 oooi,
411 2085 448 2140 ut
466 2075 498 2140 in
518 2095 645 2140 caesura
664 2072 770 2164 potius
793 2072 834 2138 sit
853 2070 967 2138 hiatus.

339 2175 382 2244 ib.
405 2179 443 2245 11.
469 2182 488 2243 4
510 2201 556 2245 vs.
580 2181 631 2243 85.

338 2287 449 2350 Merito
467 2305 554 2364 meo,
575 2305 679 2371 oeque
698 2281 890 2349 maritmis
905 2292 952 2349 ost
963 2283 1044 2350 dlter
1055 2285 1147 2350 torte
1161 2286 1330 2371 qaisquam

295 2385 408 2452 iterum
437 2386 587 2454 habemus
615 2386 738 2453 hiatum
756 2401 828 2453 ante
848 2408 963 2452 nomen
986 2387 1168 2477 proprinm3
1191 2388 1245 2454 sed
1259 2385 1327 2454 ‘bo-

293 2514 370 2556 nnm
396 2493 532 2574 factum,
560 2491 645 2586 quod
672 2490 805 2558 alterum
823 2493 917 2557 etiam
928 2492 1042 2557 vitium
1057 2491 1132 2557 huic
1149 2495 1253 2560 versui
1274 2495 1327 2560 in-

293 2595 416 2678 haeret3
441 2600 485 2664 sic
514 2601 613 2680 enim,
640 2601 666 2664 si
689 2600 799 2665 eadem
822 2598 917 2688 operi
942 2598 1018 2666 duas
1045 2599 1173 2664 mendas
1197 2598 1325 2666 sustule-

292 2702 373 2781 rim,
392 2701 588 2791 probabilior
611 2705 772 2772 videbitur
794 2707 980 2792 conjectura.
1019 2705 1072 2770 Est
1088 2719 1192 2769 autem
1212 2704 1326 2771 vitium

292 2803 374 2871 illud
396 2808 429 2871 in
456 2830 599 2890 caesura,
620 2832 699 2901 quae
713 2821 786 2899 post
809 2821 956 2894 quartum
975 2807 1088 2898 pedem
1111 2804 1251 2894 legitima
1270 2822 1325 2874 est.

292 2909 431 2996 Conjioio
455 2911 569 2996 igitur:

334 3018 446 3083 Merito
465 3038 558 3098 mro,
579 3039 683 3108 oeque
693 3040 745 3086 mo
755 3021 836 3085 dlter
847 3017 1035 3086 estdtdeais
1051 3020 1143 3087 hodio
1156 3022 1325 3107 qaisquam

334 3124 387 3186 eoi
409 3126 495 3188 eradi
514 3132 598 3191 rosto
620 3131 725 3211 aequo
738 3131 861 3207 potent.

290 3224 335 3287 sic
358 3229 424 3315 ipse
445 3247 570 3319 quoque
598 3228 677 3296 ordo
705 3224 874 3295 verborum
901 3222 1012 3292 melior
1043 3238 1109 3308 est;
1135 3226 1175 3292 of.
1202 3227 1320 3320 Amph.

289 3329 313 3394 1.
338 3334 353 3394 1
380 3354 425 3398 vs.
451 3336 479 3398 1.

336 3439 415 3519 Qois
436 3460 488 3506 me
509 3443 590 3507 diter
612 3449 661 3508 est
682 3441 841 3507 ooddoior.

289 3540 350 3608 sed
370 3563 410 3606 ne
431 3541 520 3608 dicar
539 3542 658 3610 bellum
674 3544 775 3611 hiatui
792 3543 941 3610 indixisse
956 3544 1203 3626 interneciuum,
1220 3567 1324 3612 exem-

287 3644 378 3736 plum
397 3645 475 3712 adeo
496 3648 672 3738 proferam,
693 3648 749 3714 nbi
774 3646 880 3714 hiatus
908 3647 1104 3716 inducendus
1125 3662 1180 3715 est.
1225 3649 1319 3740 Apud

292 3751 441 3818 Weisium
463 3749 578 3838 legitur
600 3753 675 3820 Asin
698 3751 748 3819 111.
772 3755 792 3818 3
816 3775 862 3818 vsa
888 3755 946 3818 43:

330 3856 459 3942 timenti
479 3861 591 3944 viginti
613 3861 721 3926 minoe
742 3862 814 3925 med
844 3863 886 3924 dd
914 3869 1048 3926 mortem
1069 3859 1272 3942 appulerant.

288 3958 344 4025 ubi
374 3958 496 4027 literam
518 3967 541 4028 d
565 3964 746 4052 pronomini
769 3963 808 4028 de
839 3985 895 4030 suo
928 3962 1049 4050 adjecit.
1093 3957 1157 4025 Sed
1185 3959 1318 4025 vitiosus

287 4079 431 4132 accentus
451 4080 487 4134 ut
509 4067 698 4152 corrigatur,
723 4089 863 4158 repono:

330 4170 459 4255 Arpr‘ott'
487 4176 599 4259 vipiota'
630 4176 738 4240 minoe
766 4209 810 4223 —
833 4175 875 4239 ad
897 4177 1030 4240 mortem
1052 4193 1103 4240 mo
1125 4174 1319 4256 appulerant
