3182 5014
697 521 739 582 99

200 722 274 776 sunt
304 706 403 774 Plaut.
433 708 519 774 Cure.
554 710 576 772 1.
603 712 618 771 1
647 730 691 774 vs.
717 711 778 789 21;
800 708 969 800 eodemque
985 709 1114 774 fortasse
1135 706 1230 772 modo

199 812 398 900 corrigendus
417 814 510 880 etiam
525 811 624 878 Plaut.
646 813 717 880 cist.
740 814 763 878 Ι.
789 819 804 878 1
829 837 874 881 vs.
899 815 950 880 98.
994 815 1031 880 In
1055 837 1149 880 versu
1179 835 1233 878 au-

199 932 262 986 tem
287 920 427 1011 sequenti
455 919 594 1010 Guyetus
624 932 655 983 et
668 916 825 1008 Bentlejus
848 943 886 985 ex
907 920 1002 986 Godd.
1026 933 1232 1011 reposuerunt

199 1027 246 1090 oti
267 1027 326 1112 jos
348 1046 407 1115 pro
442 1029 490 1091 mi
512 1026 601 1111 ejus,
635 1023 721 1115 quod
749 1024 828 1100 mihi
856 1026 976 1111 egregie
1000 1023 1123 1117 placet;
1157 1048 1231 1092 nam

198 1129 268 1214 ojus
284 1150 439 1220 nusquam
457 1127 564 1194 referri
579 1127 740 1193 commode
757 1142 879 1218 potest3
899 1122 1018 1220 quippe
1026 1130 1132 1194 uxoris
1142 1152 1230 1194 men-

198 1233 243 1297 tio
271 1234 354 1299 facta
376 1256 441 1300 non
470 1247 548 1313 erat,
578 1235 641 1298 ntsi
668 1233 702 1297 in
719 1256 765 1298 vs.
790 1236 848 1311 17,
871 1233 926 1326 qui
945 1232 1031 1300 locus
1049 1231 1146 1325 paulo
1161 1232 1231 1298 lon-

198 1338 266 1422 gius
284 1337 359 1404 hino
377 1353 511 1422 remotus
530 1351 593 1419 est,
616 1361 710 1429 quam
730 1352 766 1402 ut
791 1361 827 1403 eo
843 1339 955 1429 respici
979 1341 1094 1430 possit3
1117 1340 1230 1431 quodsi

193 1446 252 1532 jos
278 1445 456 1535 scripseris,
487 1445 567 1509 inest
598 1443 631 1506 in
658 1440 713 1507 illa
736 1444 887 1508 sententia
912 1445 1114 1532 disjunctiva,
1131 1467 1230 1536 quae-

198 1548 270 1614 dam
300 1549 421 1636 argutia
451 1549 593 1615 Terentio
625 1544 786 1613 familiaris
814 1560 844 1612 et
870 1547 977 1633 digna.
1023 1549 1118 1616 Andr.
1152 1549 1226 1614 11.1

198 1678 244 1721 vs.
268 1659 328 1722 20:

197 1762 305 1846 Neque
321 1762 376 1844 pol
389 1761 501 1826 consili
512 1763 614 1827 locum
630 1761 745 1836 dobeo,
766 1767 866 1845 adque
878 1763 920 1826 od
930 1763 1088 1827 ancilium
1099 1764 1228 1846 copiam.

196 1863 259 1928 Nec
280 1863 451 1929 verendum
482 1878 545 1942 est,
577 1863 686 1944 credo,
717 1886 757 1929 ne
791 1862 844 1928 hic
865 1887 901 1930 ex
918 1887 1012 1930 versu
1029 1863 1228 1956 praecedenti

198 1969 239 2036 ad
267 1968 397 2036 verbum
424 1971 589 2035 omittendi
616 1965 771 2054 intelligas
792 1990 933 2038 umorem
954 1969 1051 2060 (quod
1071 1970 1137 2061 ipse
1152 1967 1230 2034 olim

197 2088 353 2154 metuens,
378 2070 582 2162 conjiciebam
611 2070 641 2136 h.
671 2070 691 2137 l.
726 2083 764 2138 nt
787 2082 889 2160 neque
911 2079 957 2141 nti
973 2078 1034 2162 jus
1059 2079 1102 2142 sit
1123 2093 1229 2140 meam

197 2177 352 2266 mittendi)
366 2202 374 2258 ;
396 2161 472 2243 nam
487 2175 629 2242 absolute
647 2177 879 2268 quodammodo
893 2177 946 2242 hic
962 2192 1126 2271 ponuntur
1137 2180 1229 2244 omit·

141 2339 144 2345 .
198 2288 287 2352 tendi
304 2297 335 2350 et
353 2285 511 2350 retinendi
525 2280 632 2347 verba.
653 2281 755 2364 ¹Quae
770 2282 966 2348 Burmannus
982 2283 1023 2348 ad
1044 2283 1129 2368 virg,
1145 2280 1224 2347 Aen.

196 2390 248 2454 xl.
279 2391 343 2454 699
379 2409 409 2451 n.
438 2389 480 2450 96
503 2384 602 2465 dixit,
624 2385 664 2450 ad
686 2384 926 2476 improbandam
950 2384 1033 2450 hanc
1051 2383 1225 2463 lectionem,

195 2515 310 2584 parum
325 2488 439 2557 valent.

585 2705 887 2712 —----—-———

239 2829 320 2896 V.8
351 2850 397 2894 vs.
428 2830 469 2892 87
504 2850 545 2896 oc
559 2833 621 2897 oto.
665 2831 712 2896 Ita
737 2833 872 2897 mutavit
893 2826 1065 2917 Bentlejus,
1087 2851 1137 2895 me
1159 2847 1225 2894 non

195 2929 355 3022 probante.
399 2933 453 2998 na
480 2936 535 3000 ilio
563 2957 735 3027 numquam
756 2937 795 3002 de
823 2950 962 3026 tempore
986 2934 1142 3025 praesenti
1160 2932 1223 2998 dici

192 3035 335 3118 videtur,
367 3058 405 3101 ex
437 3036 470 3102 vi
494 3041 689 3130 pronominis
713 3046 787 3124 itte,
817 3064 881 3134 quo
914 3064 1034 3131 semper
1066 3038 1223 3105 indicatur

197 3135 318 3230 aliquid
339 3141 495 3206 remotius.
