<?xml version="1.0" encoding="UTF-8"?>
<!DOCTYPE html PUBLIC "-//W3C//DTD XHTML 1.0 Transitional//EN"
    "http://www.w3.org/TR/xhtml1/DTD/xhtml1-transitional.dtd">
<html xmlns="http://www.w3.org/1999/xhtml" xml:lang="en" lang="en">
 <head>
  <title>
</title>
<meta http-equiv="Content-Type" content="text/html;charset=utf-8" />
  <meta name='ocr-system' content='tesseract 3.04.00' />
  <meta name='ocr-capabilities' content='ocr_page ocr_carea ocr_par ocr_line ocrx_word'/>
</head>
<body>
  <div class='ocr_page' id='page_1' title='image "./specimencritico00lomagoog_0034.png"; bbox 0 0 3182 5014; ppageno 0'>
   <div class='ocr_carea' id='block_1_1' title="bbox 754 677 791 737">
    <p class='ocr_par' dir='ltr' id='par_1_1' title="bbox 754 677 791 737">
     <span class='ocr_line' id='line_1_1' title="bbox 754 677 791 737; baseline -0.027 0"><span class='ocrx_word' id='word_1_1' title='bbox 754 677 791 737; x_wconf 88' lang='lat'>21</span> 
     </span>
    </p>
   </div>
   <div class='ocr_carea' id='block_1_2' title="bbox 255 864 1286 958">
    <p class='ocr_par' dir='ltr' id='par_1_2' title="bbox 255 864 1286 958">
     <span class='ocr_line' id='line_1_2' title="bbox 255 864 1286 958; baseline 0 -21"><span class='ocrx_word' id='word_1_2' title='bbox 255 871 347 938; x_wconf 72' lang='lat' dir='ltr'>Varia</span> <span class='ocrx_word' id='word_1_3' title='bbox 365 871 445 958; x_wconf 61' lang='lat' dir='ltr'>milti</span> <span class='ocrx_word' id='word_1_4' title='bbox 466 870 524 937; x_wconf 75' lang='lat' dir='ltr'>too</span> <span class='ocrx_word' id='word_1_5' title='bbox 558 864 726 952; x_wconf 73' lang='lat' dir='ltr'>Maqudo&#39;ra</span> <span class='ocrx_word' id='word_1_6' title='bbox 751 868 787 933; x_wconf 80' lang='lat' dir='ltr'>a‘u</span> <span class='ocrx_word' id='word_1_7' title='bbox 812 877 950 935; x_wconf 77' lang='lat' dir='ltr'>moutam</span> <span class='ocrx_word' id='word_1_8' title='bbox 975 873 1025 936; x_wconf 72' lang='lat' dir='ltr'>tad</span> <span class='ocrx_word' id='word_1_9' title='bbox 1043 892 1111 938; x_wconf 82' lang='lat' dir='ltr'>essa</span> <span class='ocrx_word' id='word_1_10' title='bbox 1126 874 1286 938; x_wconf 66' lang='lat' dir='ltr'>leontinum</span> 
     </span>
    </p>
   </div>
   <div class='ocr_carea' id='block_1_3' title="bbox 250 977 1287 1170">
    <p class='ocr_par' dir='ltr' id='par_1_3' title="bbox 250 977 1287 1170">
     <span class='ocr_line' id='line_1_3' title="bbox 1159 978 1287 1046; baseline 0.008 -3"><span class='ocrx_word' id='word_1_11' title='bbox 1159 978 1287 1046; x_wconf 66' lang='lat' dir='ltr'>diuitem</span> 
     </span>
     <span class='ocr_line' id='line_1_4' title="bbox 250 977 1283 1170; baseline 0.005 -26"><span class='ocrx_word' id='word_1_12' title='bbox 250 1079 384 1170; x_wconf 89' lang='lat' dir='ltr'>denique</span> <span class='ocrx_word' id='word_1_13' title='bbox 410 1080 443 1144; x_wconf 92' lang='lat' dir='ltr'>in</span> <span class='ocrx_word' id='word_1_14' title='bbox 469 1101 513 1145; x_wconf 89' lang='lat' dir='ltr'>vs.</span> <span class='ocrx_word' id='word_1_15' title='bbox 545 1084 586 1145; x_wconf 87' lang='lat'>55</span> <span class='ocrx_word' id='word_1_16' title='bbox 621 1101 784 1170; x_wconf 87' lang='lat' dir='ltr'>propono:</span> <span class='ocrx_word' id='word_1_17' title='bbox 815 1089 847 1148; x_wconf 81' lang='lat' dir='ltr'>ct</span> <span class='ocrx_word' id='word_1_18' title='bbox 867 1088 920 1147; x_wconf 76' lang='lat' dir='ltr'>md</span> <span class='ocrx_word' id='word_1_19' title='bbox 933 1102 1024 1149; x_wconf 85' lang='lat' dir='ltr'>mous</span> <span class='ocrx_word' id='word_1_20' title='bbox 1046 1086 1122 1150; x_wconf 84' lang='lat' dir='ltr'>ordo</span> <span class='ocrx_word' id='word_1_21' title='bbox 1139 977 1283 1151; x_wconf 75' lang='lat' dir='ltr'>irrideat.</span> 
     </span>
    </p>
   </div>
   <div class='ocr_carea' id='block_1_4' title="bbox 650 1267 868 1276">
    <p class='ocr_par' dir='ltr' id='par_1_4' title="bbox 650 1267 868 1276">
     <span class='ocr_line' id='line_1_5' title="bbox 650 1267 868 1276; baseline 0.005 -1"><span class='ocrx_word' id='word_1_22' title='bbox 650 1267 868 1276; x_wconf 58' lang='lat' dir='ltr'>m</span> 
     </span>
    </p>
   </div>
   <div class='ocr_carea' id='block_1_5' title="bbox 249 1389 1294 3898">
    <p class='ocr_par' dir='ltr' id='par_1_5' title="bbox 249 1389 1289 1686">
     <span class='ocr_line' id='line_1_6' title="bbox 295 1389 481 1457; baseline 0.011 -5"><span class='ocrx_word' id='word_1_23' title='bbox 295 1389 481 1457; x_wconf 67' lang='lat' dir='ltr'>msmt</span> 
     </span>
     <span class='ocr_line' id='line_1_7' title="bbox 249 1493 1289 1582; baseline 0.004 -22"><span class='ocrx_word' id='word_1_24' title='bbox 249 1493 363 1580; x_wconf 77' lang='lat' dir='ltr'>A‘tqua</span> <span class='ocrx_word' id='word_1_25' title='bbox 383 1499 511 1563; x_wconf 81' lang='lat' dir='ltr'>occlude</span> <span class='ocrx_word' id='word_1_26' title='bbox 531 1498 644 1561; x_wconf 70' lang='lat' dir='ltr'>addas:</span> <span class='ocrx_word' id='word_1_27' title='bbox 660 1498 734 1582; x_wconf 83' lang='lat' dir='ltr'>jum</span> <span class='ocrx_word' id='word_1_28' title='bbox 754 1516 810 1580; x_wconf 74' lang='lat' dir='ltr'>eqo</span> <span class='ocrx_word' id='word_1_29' title='bbox 825 1498 875 1562; x_wconf 76' lang='lat' dir='ltr'>Iria</span> <span class='ocrx_word' id='word_1_30' title='bbox 893 1496 999 1562; x_wconf 75' lang='lat' dir='ltr'>odoro.</span> <span class='ocrx_word' id='word_1_31' title='bbox 1017 1497 1105 1578; x_wconf 79' lang='lat' dir='ltr'>Quid</span> <span class='ocrx_word' id='word_1_32' title='bbox 1127 1516 1182 1581; x_wconf 70' lang='lat' dir='ltr'>opo</span> <span class='ocrx_word' id='word_1_33' title='bbox 1202 1501 1289 1564; x_wconf 77' lang='lat' dir='ltr'>nuato</span> 
     </span>
     <span class='ocr_line' id='line_1_8' title="bbox 1173 1613 1288 1686; baseline 0.009 -21"><span class='ocrx_word' id='word_1_34' title='bbox 1173 1613 1288 1686; x_wconf 78' lang='lat' dir='ltr'>aqum?</span> 
     </span>
    </p>

    <p class='ocr_par' dir='ltr' id='par_1_6' title="bbox 251 1701 1294 3898">
     <span class='ocr_line' id='line_1_9' title="bbox 294 1701 1288 1798; baseline 0.001 -27"><span class='ocrx_word' id='word_1_35' title='bbox 294 1701 438 1771; x_wconf 84' lang='lat' dir='ltr'>Dubitari</span> <span class='ocrx_word' id='word_1_36' title='bbox 467 1706 576 1798; x_wconf 87' lang='lat' dir='ltr'>nequit</span> <span class='ocrx_word' id='word_1_37' title='bbox 611 1702 756 1770; x_wconf 90' lang='lat' dir='ltr'>Plautum</span> <span class='ocrx_word' id='word_1_38' title='bbox 782 1706 885 1772; x_wconf 91' lang='lat' dir='ltr'>minus</span> <span class='ocrx_word' id='word_1_39' title='bbox 923 1703 1065 1791; x_wconf 81' lang='lat' dir='ltr'>religiose</span> <span class='ocrx_word' id='word_1_40' title='bbox 1101 1704 1288 1772; x_wconf 83' lang='lat' dir='ltr'>abstinuisse</span> 
     </span>
     <span class='ocr_line' id='line_1_10' title="bbox 251 1808 1284 1904; baseline 0.003 -31"><span class='ocrx_word' id='word_1_41' title='bbox 251 1808 358 1888; x_wconf 83' lang='lat' dir='ltr'>hiatu,</span> <span class='ocrx_word' id='word_1_42' title='bbox 374 1831 468 1900; x_wconf 92' lang='lat' dir='ltr'>qnam</span> <span class='ocrx_word' id='word_1_43' title='bbox 487 1810 561 1876; x_wconf 90' lang='lat' dir='ltr'>fecit</span> <span class='ocrx_word' id='word_1_44' title='bbox 580 1827 688 1902; x_wconf 89' lang='lat' dir='ltr'>postea</span> <span class='ocrx_word' id='word_1_45' title='bbox 715 1814 896 1895; x_wconf 81' lang='lat' dir='ltr'>Terentius3</span> <span class='ocrx_word' id='word_1_46' title='bbox 918 1812 972 1877; x_wconf 88' lang='lat' dir='ltr'>sed</span> <span class='ocrx_word' id='word_1_47' title='bbox 995 1834 1157 1904; x_wconf 87' lang='lat' dir='ltr'>quousque</span> <span class='ocrx_word' id='word_1_48' title='bbox 1175 1834 1209 1877; x_wconf 88' lang='lat' dir='ltr'>se</span> <span class='ocrx_word' id='word_1_49' title='bbox 1230 1834 1284 1876; x_wconf 85' lang='lat' dir='ltr'>ex-</span> 
     </span>
     <span class='ocr_line' id='line_1_11' title="bbox 252 1912 1286 2008; baseline 0 -28"><span class='ocrx_word' id='word_1_50' title='bbox 252 1914 360 1980; x_wconf 89' lang='lat' dir='ltr'>tendat</span> <span class='ocrx_word' id='word_1_51' title='bbox 393 1912 496 1979; x_wconf 90' lang='lat' dir='ltr'>Plauti</span> <span class='ocrx_word' id='word_1_52' title='bbox 527 1917 559 1982; x_wconf 91' lang='lat' dir='ltr'>in</span> <span class='ocrx_word' id='word_1_53' title='bbox 587 1916 648 1981; x_wconf 86' lang='lat' dir='ltr'>hac</span> <span class='ocrx_word' id='word_1_54' title='bbox 680 1940 713 1983; x_wconf 90' lang='lat' dir='ltr'>re</span> <span class='ocrx_word' id='word_1_55' title='bbox 744 1915 884 1996; x_wconf 87' lang='lat' dir='ltr'>licentia,</span> <span class='ocrx_word' id='word_1_56' title='bbox 913 1939 1054 2008; x_wconf 87' lang='lat' dir='ltr'>quaeque</span> <span class='ocrx_word' id='word_1_57' title='bbox 1078 1917 1142 1982; x_wconf 92' lang='lat' dir='ltr'>sint</span> <span class='ocrx_word' id='word_1_58' title='bbox 1161 1913 1286 2000; x_wconf 83' lang='lat' dir='ltr'>regulae</span> 
     </span>
     <span class='ocr_line' id='line_1_12' title="bbox 252 2018 1287 2113; baseline 0.002 -29"><span class='ocrx_word' id='word_1_59' title='bbox 252 2018 293 2085; x_wconf 90' lang='lat' dir='ltr'>ad</span> <span class='ocrx_word' id='word_1_60' title='bbox 326 2037 404 2110; x_wconf 87' lang='lat' dir='ltr'>quas</span> <span class='ocrx_word' id='word_1_61' title='bbox 433 2019 571 2106; x_wconf 81' lang='lat' dir='ltr'>singulos</span> <span class='ocrx_word' id='word_1_62' title='bbox 603 2045 707 2090; x_wconf 92' lang='lat' dir='ltr'>versus</span> <span class='ocrx_word' id='word_1_63' title='bbox 734 2025 854 2108; x_wconf 82' lang='lat' dir='ltr'><strong>exigere</strong></span> <span class='ocrx_word' id='word_1_64' title='bbox 885 2036 1047 2113; x_wconf 85' lang='lat' dir='ltr'>oporteat,</span> <span class='ocrx_word' id='word_1_65' title='bbox 1074 2022 1287 2086; x_wconf 84' lang='lat' dir='ltr'>controversia</span> 
     </span>
     <span class='ocr_line' id='line_1_13' title="bbox 252 2122 1288 2215; baseline 0.001 -24"><span class='ocrx_word' id='word_1_66' title='bbox 252 2138 306 2192; x_wconf 88' lang='lat' dir='ltr'>est.</span> <span class='ocrx_word' id='word_1_67' title='bbox 352 2128 545 2192; x_wconf 87' lang='lat' dir='ltr'>Hermauuns</span> <span class='ocrx_word' id='word_1_68' title='bbox 573 2130 656 2194; x_wconf 89' lang='lat' dir='ltr'>enim</span> <span class='ocrx_word' id='word_1_69' title='bbox 684 2151 754 2195; x_wconf 87' lang='lat' dir='ltr'>raro</span> <span class='ocrx_word' id='word_1_70' title='bbox 779 2144 922 2210; x_wconf 89' lang='lat' dir='ltr'>tantum,</span> <span class='ocrx_word' id='word_1_71' title='bbox 943 2150 1019 2208; x_wconf 91' lang='lat' dir='ltr'>nec,</span> <span class='ocrx_word' id='word_1_72' title='bbox 1039 2127 1100 2191; x_wconf 92' lang='lat' dir='ltr'>nisi</span> <span class='ocrx_word' id='word_1_73' title='bbox 1119 2122 1288 2215; x_wconf 88' lang='lat' dir='ltr'>peculiaris</span> 
     </span>
     <span class='ocr_line' id='line_1_14' title="bbox 254 2229 1285 2311; baseline -0.003 -16"><span class='ocrx_word' id='word_1_74' title='bbox 254 2230 335 2296; x_wconf 88' lang='lat' dir='ltr'>adsit</span> <span class='ocrx_word' id='word_1_75' title='bbox 363 2233 530 2298; x_wconf 79' lang='lat' dir='ltr'>excusandi</span> <span class='ocrx_word' id='word_1_76' title='bbox 558 2255 669 2311; x_wconf 89' lang='lat' dir='ltr'>causa,</span> <span class='ocrx_word' id='word_1_77' title='bbox 698 2231 819 2298; x_wconf 88' lang='lat' dir='ltr'>hiatum</span> <span class='ocrx_word' id='word_1_78' title='bbox 849 2233 1010 2300; x_wconf 87' lang='lat' dir='ltr'>serendum</span> <span class='ocrx_word' id='word_1_79' title='bbox 1030 2253 1096 2297; x_wconf 85' lang='lat' dir='ltr'>asse</span> <span class='ocrx_word' id='word_1_80' title='bbox 1120 2229 1285 2295; x_wconf 88' lang='lat' dir='ltr'>existimat.</span> 
     </span>
     <span class='ocr_line' id='line_1_15' title="bbox 252 2332 1286 2427; baseline 0 -27"><span class='ocrx_word' id='word_1_81' title='bbox 252 2337 482 2402; x_wconf 86' lang='lat' dir='ltr'>Lindemannus</span> <span class='ocrx_word' id='word_1_82' title='bbox 507 2351 615 2403; x_wconf 89' lang='lat' dir='ltr'>contra</span> <span class='ocrx_word' id='word_1_83' title='bbox 644 2335 782 2424; x_wconf 90' lang='lat' dir='ltr'>aliique,</span> <span class='ocrx_word' id='word_1_84' title='bbox 802 2360 872 2402; x_wconf 88' lang='lat' dir='ltr'>eum</span> <span class='ocrx_word' id='word_1_85' title='bbox 896 2359 1051 2427; x_wconf 89' lang='lat' dir='ltr'>nusquam</span> <span class='ocrx_word' id='word_1_86' title='bbox 1071 2357 1136 2401; x_wconf 91' lang='lat' dir='ltr'>non</span> <span class='ocrx_word' id='word_1_87' title='bbox 1153 2332 1286 2401; x_wconf 88' lang='lat' dir='ltr'>tolerare</span> 
     </span>
     <span class='ocr_line' id='line_1_16' title="bbox 252 2440 1290 2533; baseline -0.002 -27"><span class='ocrx_word' id='word_1_88' title='bbox 252 2440 409 2508; x_wconf 80' lang='lat' dir='ltr'>videntur,</span> <span class='ocrx_word' id='word_1_89' title='bbox 455 2444 541 2507; x_wconf 89' lang='lat' dir='ltr'>Hauc</span> <span class='ocrx_word' id='word_1_90' title='bbox 580 2444 825 2508; x_wconf 86' lang='lat' dir='ltr'>controversiam</span> <span class='ocrx_word' id='word_1_91' title='bbox 858 2443 1025 2533; x_wconf 86' lang='lat' dir='ltr'>quominus</span> <span class='ocrx_word' id='word_1_92' title='bbox 1055 2463 1112 2528; x_wconf 83' lang='lat' dir='ltr'>ego</span> <span class='ocrx_word' id='word_1_93' title='bbox 1142 2441 1290 2507; x_wconf 47' lang='lat' dir='ltr'>dirimam*</span> 
     </span>
     <span class='ocr_line' id='line_1_17' title="bbox 251 2543 1287 2637; baseline -0.002 -27"><span class='ocrx_word' id='word_1_94' title='bbox 251 2543 422 2635; x_wconf 87' lang='lat' dir='ltr'>prohibent</span> <span class='ocrx_word' id='word_1_95' title='bbox 450 2546 560 2612; x_wconf 88' lang='lat' dir='ltr'>multa.</span> <span class='ocrx_word' id='word_1_96' title='bbox 609 2548 723 2615; x_wconf 88' lang='lat' dir='ltr'>Verum</span> <span class='ocrx_word' id='word_1_97' title='bbox 746 2561 848 2612; x_wconf 90' lang='lat' dir='ltr'>tamen</span> <span class='ocrx_word' id='word_1_98' title='bbox 866 2547 944 2637; x_wconf 87' lang='lat' dir='ltr'>quid</span> <span class='ocrx_word' id='word_1_99' title='bbox 967 2566 1024 2631; x_wconf 82' lang='lat' dir='ltr'>ego</span> <span class='ocrx_word' id='word_1_100' title='bbox 1053 2545 1087 2608; x_wconf 93' lang='lat' dir='ltr'>in</span> <span class='ocrx_word' id='word_1_101' title='bbox 1112 2543 1172 2610; x_wconf 88' lang='lat' dir='ltr'>hac</span> <span class='ocrx_word' id='word_1_102' title='bbox 1195 2566 1287 2610; x_wconf 86' lang='lat' dir='ltr'>causa</span> 
     </span>
     <span class='ocr_line' id='line_1_18' title="bbox 253 2652 1291 2743; baseline 0.001 -28"><span class='ocrx_word' id='word_1_103' title='bbox 253 2665 374 2716; x_wconf 84' lang='lat' dir='ltr'>secutus</span> <span class='ocrx_word' id='word_1_104' title='bbox 400 2652 475 2732; x_wconf 89' lang='lat' dir='ltr'>sim,</span> <span class='ocrx_word' id='word_1_105' title='bbox 510 2655 648 2743; x_wconf 87' lang='lat' dir='ltr'>aperiam</span> <span class='ocrx_word' id='word_1_106' title='bbox 668 2676 790 2719; x_wconf 90' lang='lat' dir='ltr'>necesse</span> <span class='ocrx_word' id='word_1_107' title='bbox 814 2669 869 2720; x_wconf 89' lang='lat' dir='ltr'>est.</span> <span class='ocrx_word' id='word_1_108' title='bbox 912 2655 951 2719; x_wconf 88' lang='lat' dir='ltr'>Et</span> <span class='ocrx_word' id='word_1_109' title='bbox 970 2652 1031 2718; x_wconf 88' lang='lat' dir='ltr'>hoc</span> <span class='ocrx_word' id='word_1_110' title='bbox 1050 2652 1177 2739; x_wconf 91' lang='lat' dir='ltr'>quidem</span> <span class='ocrx_word' id='word_1_111' title='bbox 1194 2652 1291 2717; x_wconf 86' lang='lat' dir='ltr'>credo</span> 
     </span>
     <span class='ocr_line' id='line_1_19' title="bbox 253 2753 1288 2844; baseline 0.005 -28"><span class='ocrx_word' id='word_1_112' title='bbox 253 2753 339 2844; x_wconf 89' lang='lat' dir='ltr'>apud</span> <span class='ocrx_word' id='word_1_113' title='bbox 370 2775 475 2828; x_wconf 86' lang='lat' dir='ltr'>omnes</span> <span class='ocrx_word' id='word_1_114' title='bbox 501 2772 658 2839; x_wconf 84' lang='lat' dir='ltr'>constare,</span> <span class='ocrx_word' id='word_1_115' title='bbox 696 2781 760 2824; x_wconf 91' lang='lat' dir='ltr'>non</span> <span class='ocrx_word' id='word_1_116' title='bbox 790 2757 935 2824; x_wconf 88' lang='lat' dir='ltr'>habuisse</span> <span class='ocrx_word' id='word_1_117' title='bbox 964 2756 1110 2822; x_wconf 87' lang='lat' dir='ltr'>Plautum</span> <span class='ocrx_word' id='word_1_118' title='bbox 1149 2771 1288 2837; x_wconf 89' lang='lat' dir='ltr'>certum,</span> 
     </span>
     <span class='ocr_line' id='line_1_20' title="bbox 252 2857 1292 2951; baseline 0.002 -29"><span class='ocrx_word' id='word_1_119' title='bbox 252 2857 338 2950; x_wconf 90' lang='lat' dir='ltr'>quod</span> <span class='ocrx_word' id='word_1_120' title='bbox 358 2872 551 2950; x_wconf 88' lang='lat' dir='ltr'>sequeretur,</span> <span class='ocrx_word' id='word_1_121' title='bbox 574 2877 727 2951; x_wconf 87' lang='lat' dir='ltr'>systema;</span> <span class='ocrx_word' id='word_1_122' title='bbox 749 2861 852 2928; x_wconf 87' lang='lat' dir='ltr'>nullas</span> <span class='ocrx_word' id='word_1_123' title='bbox 875 2877 973 2928; x_wconf 84' lang='lat' dir='ltr'>certas</span> <span class='ocrx_word' id='word_1_124' title='bbox 992 2859 1052 2926; x_wconf 89' lang='lat' dir='ltr'>sibi</span> <span class='ocrx_word' id='word_1_125' title='bbox 1072 2858 1154 2946; x_wconf 87' lang='lat' dir='ltr'>leges</span> <span class='ocrx_word' id='word_1_126' title='bbox 1170 2857 1292 2925; x_wconf 56' lang='lat' dir='ltr'>constiss</span> 
     </span>
     <span class='ocr_line' id='line_1_21' title="bbox 253 2963 1289 3054; baseline 0.002 -27"><span class='ocrx_word' id='word_1_127' title='bbox 253 2964 367 3040; x_wconf 83' lang='lat' dir='ltr'>tuisse,</span> <span class='ocrx_word' id='word_1_128' title='bbox 388 2987 406 3028; x_wconf 86' lang='lat' dir='ltr'>a</span> <span class='ocrx_word' id='word_1_129' title='bbox 428 2963 543 3054; x_wconf 93' lang='lat' dir='ltr'>quibus</span> <span class='ocrx_word' id='word_1_130' title='bbox 563 2967 720 3035; x_wconf 87' lang='lat' dir='ltr'>discedere</span> <span class='ocrx_word' id='word_1_131' title='bbox 739 2970 826 3034; x_wconf 80' lang='lat' dir='ltr'>nefas</span> <span class='ocrx_word' id='word_1_132' title='bbox 843 2969 990 3047; x_wconf 82' lang='lat' dir='ltr'>duceret3</span> <span class='ocrx_word' id='word_1_133' title='bbox 1014 2967 1069 3032; x_wconf 91' lang='lat' dir='ltr'>sed</span> <span class='ocrx_word' id='word_1_134' title='bbox 1094 2967 1188 3031; x_wconf 85' lang='lat' dir='ltr'>unice</span> <span class='ocrx_word' id='word_1_135' title='bbox 1217 2988 1289 3030; x_wconf 88' lang='lat' dir='ltr'>eum</span> 
     </span>
     <span class='ocr_line' id='line_1_22' title="bbox 253 3069 1292 3164; baseline -0.001 -31"><span class='ocrx_word' id='word_1_136' title='bbox 253 3083 396 3134; x_wconf 85' lang='lat' dir='ltr'>naturam</span> <span class='ocrx_word' id='word_1_137' title='bbox 413 3085 552 3136; x_wconf 88' lang='lat' dir='ltr'>secutum</span> <span class='ocrx_word' id='word_1_138' title='bbox 572 3091 636 3139; x_wconf 87' lang='lat' dir='ltr'>esse</span> <span class='ocrx_word' id='word_1_139' title='bbox 655 3088 686 3139; x_wconf 86' lang='lat' dir='ltr'>et</span> <span class='ocrx_word' id='word_1_140' title='bbox 708 3097 803 3139; x_wconf 87' lang='lat' dir='ltr'>aures.</span> <span class='ocrx_word' id='word_1_141' title='bbox 849 3076 917 3138; x_wconf 83' lang='lat' dir='ltr'>lam</span> <span class='ocrx_word' id='word_1_142' title='bbox 935 3070 1012 3164; x_wconf 91' lang='lat' dir='ltr'>quid</span> <span class='ocrx_word' id='word_1_143' title='bbox 1034 3071 1183 3134; x_wconf 85' lang='lat' dir='ltr'>Romanis</span> <span class='ocrx_word' id='word_1_144' title='bbox 1203 3069 1292 3133; x_wconf 89' lang='lat' dir='ltr'>auri-</span> 
     </span>
     <span class='ocr_line' id='line_1_23' title="bbox 253 3170 1287 3268; baseline 0.005 -32"><span class='ocrx_word' id='word_1_145' title='bbox 253 3170 332 3251; x_wconf 86' lang='lat' dir='ltr'>bus,</span> <span class='ocrx_word' id='word_1_146' title='bbox 362 3170 465 3237; x_wconf 90' lang='lat' dir='ltr'>Plauti</span> <span class='ocrx_word' id='word_1_147' title='bbox 490 3189 601 3256; x_wconf 89' lang='lat' dir='ltr'>aetate,</span> <span class='ocrx_word' id='word_1_148' title='bbox 625 3176 733 3245; x_wconf 89' lang='lat' dir='ltr'>durius</span> <span class='ocrx_word' id='word_1_149' title='bbox 757 3201 889 3254; x_wconf 88' lang='lat' dir='ltr'>sonare,</span> <span class='ocrx_word' id='word_1_150' title='bbox 913 3176 990 3268; x_wconf 92' lang='lat' dir='ltr'>qnid</span> <span class='ocrx_word' id='word_1_151' title='bbox 1008 3172 1104 3240; x_wconf 88' lang='lat' dir='ltr'>molle</span> <span class='ocrx_word' id='word_1_152' title='bbox 1123 3189 1154 3242; x_wconf 88' lang='lat' dir='ltr'>et</span> <span class='ocrx_word' id='word_1_153' title='bbox 1173 3198 1287 3256; x_wconf 87' lang='lat' dir='ltr'>suave,</span> 
     </span>
     <span class='ocr_line' id='line_1_24' title="bbox 253 3278 1293 3359; baseline 0.003 -18"><span class='ocrx_word' id='word_1_154' title='bbox 253 3278 356 3343; x_wconf 85' lang='lat' dir='ltr'>visum</span> <span class='ocrx_word' id='word_1_155' title='bbox 379 3278 490 3359; x_wconf 86' lang='lat' dir='ltr'>fuerit,</span> <span class='ocrx_word' id='word_1_156' title='bbox 512 3279 606 3346; x_wconf 87' lang='lat' dir='ltr'>hodie</span> <span class='ocrx_word' id='word_1_157' title='bbox 625 3281 753 3347; x_wconf 88' lang='lat' dir='ltr'>definire</span> <span class='ocrx_word' id='word_1_158' title='bbox 780 3278 905 3346; x_wconf 88' lang='lat' dir='ltr'>difficile</span> <span class='ocrx_word' id='word_1_159' title='bbox 924 3294 978 3345; x_wconf 87' lang='lat' dir='ltr'>est.</span> <span class='ocrx_word' id='word_1_160' title='bbox 1022 3279 1099 3345; x_wconf 85' lang='lat' dir='ltr'>Cum</span> <span class='ocrx_word' id='word_1_161' title='bbox 1116 3293 1219 3346; x_wconf 88' lang='lat' dir='ltr'>tamen</span> <span class='ocrx_word' id='word_1_162' title='bbox 1242 3301 1293 3345; x_wconf 91' lang='lat' dir='ltr'>re-</span> 
     </span>
     <span class='ocr_line' id='line_1_25' title="bbox 254 3379 1292 3479; baseline -0.002 -29"><span class='ocrx_word' id='word_1_163' title='bbox 254 3386 358 3470; x_wconf 83' lang='lat' dir='ltr'>cogito</span> <span class='ocrx_word' id='word_1_164' title='bbox 379 3385 412 3449; x_wconf 92' lang='lat' dir='ltr'>in</span> <span class='ocrx_word' id='word_1_165' title='bbox 436 3387 597 3464; x_wconf 87' lang='lat' dir='ltr'>Terentio,</span> <span class='ocrx_word' id='word_1_166' title='bbox 631 3389 686 3478; x_wconf 87' lang='lat' dir='ltr'>qui</span> <span class='ocrx_word' id='word_1_167' title='bbox 716 3388 876 3479; x_wconf 81' lang='lat' dir='ltr'>proximus</span> <span class='ocrx_word' id='word_1_168' title='bbox 897 3383 998 3449; x_wconf 88' lang='lat' dir='ltr'>abfuit</span> <span class='ocrx_word' id='word_1_169' title='bbox 1022 3405 1040 3446; x_wconf 89' lang='lat' dir='ltr'>a</span> <span class='ocrx_word' id='word_1_170' title='bbox 1064 3379 1167 3448; x_wconf 85' lang='lat' dir='ltr'>Plauti</span> <span class='ocrx_word' id='word_1_171' title='bbox 1190 3397 1292 3448; x_wconf 88' lang='lat' dir='ltr'>aetate</span> 
     </span>
     <span class='ocr_line' id='line_1_26' title="bbox 253 3487 1289 3580; baseline 0 -28"><span class='ocrx_word' id='word_1_172' title='bbox 253 3502 327 3579; x_wconf 84' lang='lat' dir='ltr'>post</span> <span class='ocrx_word' id='word_1_173' title='bbox 354 3487 485 3555; x_wconf 87' lang='lat' dir='ltr'>Bentleii</span> <span class='ocrx_word' id='word_1_174' title='bbox 510 3514 617 3572; x_wconf 88' lang='lat' dir='ltr'>curas,</span> <span class='ocrx_word' id='word_1_175' title='bbox 641 3492 735 3560; x_wconf 84' lang='lat' dir='ltr'>semel</span> <span class='ocrx_word' id='word_1_176' title='bbox 758 3508 881 3558; x_wconf 92' lang='lat' dir='ltr'>tantum</span> <span class='ocrx_word' id='word_1_177' title='bbox 893 3490 960 3580; x_wconf 78' lang='lat' dir='ltr'>(ld.</span> <span class='ocrx_word' id='word_1_178' title='bbox 973 3491 1009 3557; x_wconf 90' lang='lat' dir='ltr'>V.</span> <span class='ocrx_word' id='word_1_179' title='bbox 1025 3493 1052 3553; x_wconf 90' lang='lat'>1.</span> <span class='ocrx_word' id='word_1_180' title='bbox 1062 3510 1107 3554; x_wconf 88' lang='lat' dir='ltr'>vs.</span> <span class='ocrx_word' id='word_1_181' title='bbox 1120 3487 1151 3578; x_wconf 83' lang='lat'>5)</span> <span class='ocrx_word' id='word_1_182' title='bbox 1167 3487 1289 3552; x_wconf 85' lang='lat' dir='ltr'>hiatum</span> 
     </span>
     <span class='ocr_line' id='line_1_27' title="bbox 255 3591 1294 3689; baseline -0.002 -29"><span class='ocrx_word' id='word_1_183' title='bbox 255 3618 415 3662; x_wconf 88' lang='lat' dir='ltr'>occurrere</span> <span class='ocrx_word' id='word_1_184' title='bbox 431 3595 470 3686; x_wconf 74' lang='lat'>(⁴)</span> <span class='ocrx_word' id='word_1_185' title='bbox 491 3620 623 3689; x_wconf 91' lang='lat' dir='ltr'>eumque</span> <span class='ocrx_word' id='word_1_186' title='bbox 642 3599 734 3666; x_wconf 84' lang='lat' dir='ltr'>facile</span> <span class='ocrx_word' id='word_1_187' title='bbox 753 3596 805 3665; x_wconf 90' lang='lat' dir='ltr'>vel</span> <span class='ocrx_word' id='word_1_188' title='bbox 826 3593 1050 3663; x_wconf 87' lang='lat' dir='ltr'>removendum</span> <span class='ocrx_word' id='word_1_189' title='bbox 1067 3591 1119 3657; x_wconf 84' lang='lat' dir='ltr'>vel</span> <span class='ocrx_word' id='word_1_190' title='bbox 1141 3615 1294 3658; x_wconf 85' lang='lat' dir='ltr'>excusan-</span> 
     </span>
     <span class='ocr_line' id='line_1_28' title="bbox 255 3698 1290 3789; baseline -0.001 -24"><span class='ocrx_word' id='word_1_191' title='bbox 255 3700 348 3780; x_wconf 83' lang='lat' dir='ltr'>dum3</span> <span class='ocrx_word' id='word_1_192' title='bbox 369 3714 399 3765; x_wconf 91' lang='lat' dir='ltr'>et</span> <span class='ocrx_word' id='word_1_193' title='bbox 426 3723 498 3766; x_wconf 93' lang='lat' dir='ltr'>cum</span> <span class='ocrx_word' id='word_1_194' title='bbox 516 3706 755 3786; x_wconf 85' lang='lat' dir='ltr'>animadverto,</span> <span class='ocrx_word' id='word_1_195' title='bbox 779 3719 896 3769; x_wconf 91' lang='lat' dir='ltr'>tautam</span> <span class='ocrx_word' id='word_1_196' title='bbox 918 3703 1012 3768; x_wconf 90' lang='lat' dir='ltr'>etiam</span> <span class='ocrx_word' id='word_1_197' title='bbox 1040 3699 1125 3789; x_wconf 90' lang='lat' dir='ltr'>apud</span> <span class='ocrx_word' id='word_1_198' title='bbox 1142 3698 1290 3765; x_wconf 86' lang='lat' dir='ltr'>Plautum</span> 
     </span>
     <span class='ocr_line' id='line_1_29' title="bbox 256 3802 1290 3898; baseline -0.002 -28"><span class='ocrx_word' id='word_1_199' title='bbox 256 3803 466 3897; x_wconf 79' lang='lat' dir='ltr'>synaloephae</span> <span class='ocrx_word' id='word_1_200' title='bbox 488 3829 554 3874; x_wconf 87' lang='lat' dir='ltr'>esse</span> <span class='ocrx_word' id='word_1_201' title='bbox 575 3813 658 3892; x_wconf 85' lang='lat' dir='ltr'>vim,</span> <span class='ocrx_word' id='word_1_202' title='bbox 675 3825 711 3877; x_wconf 92' lang='lat' dir='ltr'>ut</span> <span class='ocrx_word' id='word_1_203' title='bbox 729 3811 809 3876; x_wconf 86' lang='lat' dir='ltr'>duae</span> <span class='ocrx_word' id='word_1_204' title='bbox 827 3829 917 3897; x_wconf 88' lang='lat' dir='ltr'>saepe</span> <span class='ocrx_word' id='word_1_205' title='bbox 929 3802 1084 3898; x_wconf 86' lang='lat' dir='ltr'>syllabae,</span> <span class='ocrx_word' id='word_1_206' title='bbox 1101 3827 1180 3897; x_wconf 85' lang='lat' dir='ltr'>quae</span> <span class='ocrx_word' id='word_1_207' title='bbox 1192 3806 1290 3869; x_wconf 87' lang='lat' dir='ltr'>maxi-</span> 
     </span>
    </p>
   </div>
   <div class='ocr_carea' id='block_1_6' title="bbox 258 4055 1297 4278">
    <p class='ocr_par' dir='ltr' id='par_1_7' title="bbox 258 4055 1297 4278">
     <span class='ocr_line' id='line_1_30' title="bbox 289 4055 1291 4125; baseline -0.002 -17"><span class='ocrx_word' id='word_1_208' title='bbox 289 4059 316 4125; x_wconf 59' lang='lat' dir='ltr'>(l</span> <span class='ocrx_word' id='word_1_209' title='bbox 334 4061 393 4110; x_wconf 86' lang='lat' dir='ltr'>lllos</span> <span class='ocrx_word' id='word_1_210' title='bbox 421 4059 497 4109; x_wconf 88' lang='lat' dir='ltr'>modo</span> <span class='ocrx_word' id='word_1_211' title='bbox 518 4059 606 4107; x_wconf 80' lang='lat' dir='ltr'>hiatus</span> <span class='ocrx_word' id='word_1_212' title='bbox 626 4058 760 4119; x_wconf 79' lang='lat' dir='ltr'>excipias,</span> <span class='ocrx_word' id='word_1_213' title='bbox 788 4073 853 4120; x_wconf 88' lang='lat' dir='ltr'>quos</span> <span class='ocrx_word' id='word_1_214' title='bbox 875 4059 1006 4108; x_wconf 81' lang='lat' dir='ltr'>sustinent</span> <span class='ocrx_word' id='word_1_215' title='bbox 1026 4055 1217 4120; x_wconf 81' lang='lat' dir='ltr'>monosyllabae</span> <span class='ocrx_word' id='word_1_216' title='bbox 1234 4059 1291 4106; x_wconf 85' lang='lat' dir='ltr'>ictu</span> 
     </span>
     <span class='ocr_line' id='line_1_31' title="bbox 258 4133 1297 4205; baseline -0.002 -13"><span class='ocrx_word' id='word_1_217' title='bbox 258 4148 382 4203; x_wconf 83' lang='lat' dir='ltr'>notatae,</span> <span class='ocrx_word' id='word_1_218' title='bbox 401 4143 432 4192; x_wconf 87' lang='lat' dir='ltr'>de</span> <span class='ocrx_word' id='word_1_219' title='bbox 451 4144 548 4205; x_wconf 86' lang='lat' dir='ltr'>quibus</span> <span class='ocrx_word' id='word_1_220' title='bbox 567 4146 688 4189; x_wconf 84' lang='lat' dir='ltr'>accurate</span> <span class='ocrx_word' id='word_1_221' title='bbox 708 4145 735 4190; x_wconf 78' lang='lat' dir='ltr'>el</span> <span class='ocrx_word' id='word_1_222' title='bbox 745 4143 877 4193; x_wconf 79' lang='lat' dir='ltr'>uerissime</span> <span class='ocrx_word' id='word_1_223' title='bbox 889 4133 1007 4204; x_wconf 78' lang='lat' dir='ltr'>exposuit</span> <span class='ocrx_word' id='word_1_224' title='bbox 1016 4139 1102 4188; x_wconf 86' lang='lat' dir='ltr'>Bentl.</span> <span class='ocrx_word' id='word_1_225' title='bbox 1118 4140 1146 4188; x_wconf 86' lang='lat' dir='ltr'>in</span> <span class='ocrx_word' id='word_1_226' title='bbox 1162 4139 1297 4190; x_wconf 80' lang='lat' dir='ltr'>schedias-</span> 
     </span>
     <span class='ocr_line' id='line_1_32' title="bbox 258 4219 685 4278; baseline -0.002 -2"><span class='ocrx_word' id='word_1_227' title='bbox 258 4219 328 4278; x_wconf 83' lang='lat' dir='ltr'>mnle</span> <span class='ocrx_word' id='word_1_228' title='bbox 352 4228 492 4278; x_wconf 78' lang='lat' dir='ltr'>demulsis</span> <span class='ocrx_word' id='word_1_229' title='bbox 512 4227 685 4276; x_wconf 75' lang='lat' dir='ltr'>Terentiunls.</span> 
     </span>
    </p>
   </div>
   <div class='ocr_carea' id='block_1_7' title="bbox 0 0 1607 5014">
    <p class='ocr_par' dir='ltr' id='par_1_8' title="bbox 0 0 1607 5014">
     <span class='ocr_line' id='line_1_33' title="bbox 0 0 1607 5014; baseline 0 0"><span class='ocrx_word' id='word_1_230' title='bbox 0 0 1607 5014; x_wconf 95' lang='lat' dir='ltr'> </span> 
     </span>
    </p>
   </div>
  </div>
 </body>
</html>
