3182 5014
221 740 316 790 autem
339 693 394 788 loci
416 725 571 808 opuscula,
595 723 671 784 illud
691 734 807 789 teneaat
831 723 919 783 celim
935 725 1066 799 lectores,
1084 747 1143 787 uou
1168 725 1254 786 aliud

222 849 316 887 oscum
332 825 631 906 luissepropositum,
651 824 715 882 uisi
740 833 774 881 ut
788 842 998 904 progressuum
1020 847 1149 888 uteorum
1177 827 1254 888 ciris

222 927 316 986 doctis
338 925 460 1005 aliquod
478 925 623 1006 specimeu
646 922 819 982 cohiberem.
844 913 924 980 'Nou
944 926 1023 984 euim
1042 935 1154 986 tautum
1178 927 1254 994 milei

223 1044 347 1105 arrogo,
364 1032 398 1080 ut
414 1022 529 1082 credam
550 1025 627 1104 ipsis
647 1044 691 1082 uss
707 1023 803 1082 literis
819 1021 938 1103 aliquid
954 1025 1088 1087 attulisse
1102 1028 1254 1092 commoti.

223 1123 300 1182 Nam
319 1123 413 1196 milri,
431 1127 461 1184 si
476 1123 523 1184 cel
540 1124 603 1185 alia
621 1123 754 1184 aelesrcut
769 1124 884 1195 ommia,
901 1123 1002 1182 ‹lairat
1019 1133 1095 1184 certe
1110 1127 1256 1208 ejusmodi

223 1232 382 1302 apparatus
397 1224 539 1295 criticus,
558 1224 611 1303 qui
623 1221 754 1300 sufficiat
773 1223 803 1281 ei
811 1266 818 1293 ,
836 1222 891 1301 qui
909 1241 1008 1284 aeram
1028 1221 1137 1304 ulique
1153 1224 1255 1288 lectia-

223 1343 289 1381 uem
301 1324 454 1382 restituere
471 1322 543 1382 colit
550 1347 565 1396 ;
585 1322 694 1384 librum
712 1321 830 1382 MStum
850 1321 989 1382 tacebam
1004 1321 1137 1396 aullum;
1154 1343 1190 1384 eu
1206 1343 1254 1383 re-

223 1424 385 1481 ceutiormn
404 1431 500 1480 autem
516 1423 637 1502 scro'ptis
652 1421 854 1482 desiderabam
862 1425 989 1482 omaiou
998 1421 1159 1482 Ritsclulii
1167 1443 1256 1503 opus-

225 1522 307 1592 cula,
325 1519 412 1603 (quae
432 1522 508 1581 milei
528 1542 696 1604 comparare
706 1524 828 1604 frustra
848 1521 962 1606 studui)
978 1533 1006 1582 et
1022 1521 1128 1582 Botlii
1147 1521 1255 1582 editio-

223 1640 307 1691 um,
322 1622 408 1700 cujus
418 1619 591 1701 praeclaros
606 1619 747 1700 quosdam
765 1624 948 1702 conjecturas
967 1623 1002 1679 iu
1021 1619 1149 1681 aliorum
1164 1619 1255 1679 editi·
1362 1654 1363 1658 =

225 1716 331 1778 onibus
355 1727 485 1778 ructatas
504 1719 579 1779 cidi.
623 1719 708 1804 Quod
722 1732 819 1780 tameu
836 1722 883 1782 ael
900 1715 946 1780 sic
961 1719 1001 1780 ad
1019 1720 1096 1780 hauc
1105 1721 1256 1780 literarum

217 1827 352 1899 portem,
373 1817 467 1898 paulo
494 1819 612 1898 quidem
638 1819 856 1897 difficiliorem,
877 1820 929 1880 scel
949 1822 1141 1881 utilissimam
1159 1832 1256 1882 tcooeu

222 1925 251 1976 et
257 1913 528 1998 jucundissimam,
546 1921 738 1989 accesserim,
755 1917 809 1978 looc
820 1921 900 1998 aequi
916 1919 1033 1978 lectores
1049 1939 1163 1980 summo
1173 1939 1256 1978 ama

225 2014 270 2083 ri,
292 2032 348 2092 quo
374 2015 501 2072 cemicas
526 2013 650 2075 Latiuos
667 2035 841 2096 prosequor,
859 2015 1004 2092 triluaut,
1017 2039 1078 2078 uou
1100 2021 1258 2078 temeritati

223 2115 280 2174 aut
295 2111 449 2193 eroperbioe.

265 2215 369 2274 Restat
396 2222 431 2271 ut
452 2214 576 2293 pietatis
594 2282 595 2290 ἵ
615 2210 713 2289 officio
747 2213 954 2293 satisfaciam,
981 2225 1155 2296 gratumque
1187 2235 1258 2297 erga

219 2324 423 2396 praeceptores
442 2312 575 2370 auimum
592 2309 761 2391 significem
769 2333 784 2383 ,·
800 2312 835 2368 iu
851 2331 907 2391 quo
926 2311 1025 2371 lreois
1036 2332 1110 2386 ero,·
1125 2321 1194 2371 uam
1210 2332 1258 2370 res

225 2413 330 2494 loquar
344 2413 524 2472 rectissimas.
564 2407 639 2490 Quis
659 2411 738 2468 euim
751 2429 787 2468 eo
803 2413 1040 2493 tautajuceuum
1059 2412 1257 2484 multitudiue,

225 2513 280 2593 qui
297 2511 456 2592 Lanuepii,
474 2511 536 2569 oiri
552 2509 747 2582 celeberrimi,
769 2512 820 2569 usi
838 2513 1119 2583 runtiuetitutioue,
1130 2513 1257 2592 iauorot,

226 2609 274 2671 ael
291 2611 359 2690 quis
377 2631 437 2670 uou
448 2611 550 2690 potius
562 2611 736 2690 gratissimo
755 2613 855 2670 auimo
875 2611 1065 2684 recordatur,
1081 2633 1169 2692 quam
1180 2631 1258 2694 egre-

224 2711 297 2792 gius
311 2709 363 2768 ille
384 2729 451 2768 cum
470 2707 510 2767 acl
524 2707 730 2780 erudiendum,
750 2719 812 2770 tum
830 2710 870 2770 ael
889 2709 1259 2772 aoueurlmaeaeoleuslum·

226 2833 281 2893 que
299 2811 454 2892 iuqeuium
469 2809 614 2868 exstiterit
626 2808 791 2889 magister?
811 2808 974 2870 Juuiorum
990 2820 1099 2882 cutm,
1120 2813 1175 2892 qui
1198 2834 1259 2876 me-

226 2930 295 2970 cum
314 2907 478 2980 Bosscloae,
499 2910 561 2967 oiri
581 2908 757 2981 clarissimi,
774 2909 882 2970 sciolis
897 2912 1110 2990 iuterfuerunt,
1123 2913 1190 2992 quis
1200 2924 1258 2984 est,

227 3011 280 3089 qui
298 3027 358 3066 uou
372 3006 559 3088 profiteatur,
577 3030 608 3068 se
617 3009 782 3090 plurimum
801 3010 871 3069 iude
888 3011 1054 3091 profecisse
1076 3010 1116 3068 ad
1131 3011 1258 3072 interio-

226 3129 287 3168 rem
302 3108 422 3190 liuguoe
445 3107 574 3166 Graecae
590 3106 772 3187 Latinaeque
792 3111 1004 3189 coguitionem,
1026 3118 1055 3167 et
1079 3108 1120 3168 ael
1145 3129 1258 3170 omuem

115 3202 118 3206 ’
226 3227 326 3267 ceram
345 3205 574 3265 humanitatem?
613 3205 680 3288 Ego
708 3216 783 3266 certe
798 3206 848 3265 lois
864 3209 942 3266 airis
960 3216 1073 3266 tautum
1096 3228 1143 3266 me
1159 3205 1260 3268 debere

228 3304 377 3385 iutelligo,
401 3316 542 3384 quamtum
568 3304 665 3363 uerbis
682 3307 843 3384 caprimere
856 3304 979 3382 difficile
995 3306 1037 3364 sit
1045 3329 1059 3378 ;
1079 3325 1133 3364 uec
1153 3286 1261 3387 dignae

227 3406 269 3464 iis
282 3405 400 3484 gratias
420 3424 507 3486 agere.
518 3425 649 3485 possum.
683 3401 768 3486 Quod
782 3425 1022 3486 uuumpoesum,
1049 3407 1171 3465 summis
1194 3410 1261 3487 cpi-

229 3503 283 3562 bus
305 3503 443 3573 auuitar,
468 3513 502 3562 ut
531 3523 604 3562 cura
623 3514 651 3561 ct
667 3502 884 3576 leueoolsutia‚
906 3526 994 3586 quam
1013 3509 1048 3565 iu
1069 3527 1113 3566 me
1131 3507 1262 3567 coutule-

228 3610 299 3658 ruut
311 3611 514 3680 praeceptores
529 3603 772 3660 aestumatissimi
780 3647 788 3674 ,
798 3602 1021 3685 uouiurliguus
1028 3606 1131 3682 fuisse
1149 3602 1260 3673 videar,

228 3709 350 3779 votaque
362 3699 469 3780 facere
489 3720 548 3759 uou
573 3698 722 3770 desimam,
740 3708 774 3757 ut
789 3697 871 3760 Deus
886 3699 919 3759 0.
940 3699 977 3759 M.
997 3703 1089 3760 vitam
1110 3702 1151 3758 iis
1170 3700 1259 3781 largi·

231 3808 298 3857 otur
310 3800 344 3857 iu
365 3819 477 3858 summa
490 3791 642 3878 felicitate
662 3796 841 3856 diuturnam

672 4049 783 4072 ΜΦ*
