3182 5014
315 1215 318 1220 ,
427 1148 907 1256 uuucrr'olt.

539 1431 800 1461 ...qo-...-

196 1605 219 1669 1.
245 1605 264 1666 2
287 1627 332 1669 vs,
357 1607 416 1669 93:

151 1711 260 1776 Parta
282 1707 338 1775 hc.
363 1712 446 1775 Hom
474 1713 555 1776 istae
572 1712 676 1773 doum
689 1707 941 1776 verbumdia’isti
956 1711 1189 1776 verissumum:

146 1816 288 1882 Stultitia
299 1818 397 1881 irtaco
416 1823 469 1881 dat.
485 1813 531 1879 Gn
542 1817 617 1900 quid
624 1811 766 1900 sociam?
788 1817 877 1879 oredo
890 1835 955 1879 otoo
974 1816 1186 1898 moderanter.

150 1920 187 1984 In
217 1919 321 1986 verbis
348 1919 553 1985 Acanthionis
587 1917 707 2010 aliquid
735 1919 815 1984 inest
846 1916 1038 1984 difficultatis
1069 1933 1100 1984 et
1121 1942 1189 1986 mo·

152 2020 274 2104 lestiae‚
300 2046 364 2090 non
390 2024 464 2089 satis
490 2023 674 2090 cohaerente
705 2026 853 2090 oratione.
906 2024 1036 2091 Bothius
1061 2048 1187 2092 versum

151 2128 286 2196 alterum
304 2144 405 2195 totum
417 2129 503 2194 dedit
523 2127 679 2208 Charin03
702 2149 764 2219 quo
781 2127 876 2207 facto,
889 2129 1054 2220 quoderat
1072 2129 1187 2194 vitium

150 2235 184 2298 in
216 2233 356 2299 oratione
381 2234 480 2312 servi,
500 2230 581 2298 illud
597 2231 758 2299 transtulit
775 2234 808 2298 in
825 2232 955 2299 Charini
970 2234 1075 2302 verba.
1109 2237 1188 2302 For-

152 2354 232 2405 tasse
254 2339 298 2403 ita
315 2334 402 2403 locus
423 2338 563 2428 expediri
581 2337 714 2428 poterit,
736 2352 772 2402 ut
793 2339 899 2428 priora
917 2336 991 2407 illa:
1015 2343 1089 2407 hem
1106 2345 1190 2409 istuc

152 2469 254 2513 onom
284 2447 415 2512 uerbum
447 2448 559 2511 dimisti
583 2447 804 2524 verissimum,
833 2467 938 2510 secum
966 2465 1092 2527 servus,
1121 2470 1186 2513 non

155 2553 300 2618 audiente
330 2549 424 2630 hero,
455 2548 576 2641 reliqua
604 2547 645 2613 ad
666 2547 835 2614 Charinum
856 2572 1024 2617 conversus
1047 2575 1188 2643 pronun-

152 2660 243 2724 tiasse
278 2655 480 2742 intelligatur.
524 2655 561 2720 In
588 2677 681 2720 versu
698 2677 760 2744 seq.
779 2654 908 2720 omnino
923 2656 1122 2722 inserendum
1141 2672 1188 2724 est

152 2785 324 2853 pronomen
342 2785 407 2830 ma:

153 2871 190 2936 Si
208 2871 300 2934 idom
323 2867 421 2932 matri
438 2865 529 2932 meda
555 2888 608 2931 mo
627 2869 742 2932 emisso
766 2865 878 2930 dicam.

152 2975 195 3041 sio
228 2996 325 3039 mox:
357 2993 459 3057 aequa
484 2973 630 3039 credibile
667 2981 715 3038 art
732 2973 838 3057 forma
862 2973 981 3038 eaimio
998 2977 1188 3053 mulierem,

153 3105 223 3150 eom
244 3097 287 3144 un
309 3083 424 3146 amirae
450 3081 601 3143 ancillam
633 3080 730 3142 matri
762 3076 867 3164 (forte:
890 3098 981 3144 meua
1002 3099 1053 3144 me
1073 3081 1188 3144 rariora

154 3192 304 3255 ancilium
344 3181 450 3272 matri)
492 3195 525 3246 et
555 3203 651 3272 supra
680 3203 725 3246 vs.
758 3183 820 3244 88:
847 3183 946 3248 aratri
969 3199 1006 3245 rr
1038 3185 1190 3248 ancilium

154 3304 226 3358 tono
248 3292 362 3358 emisso
382 3291 482 3354 illam,

549 3472 793 3482 ..-—---——-——

154 3599 189 3662 H,
213 3601 233 3661 3
256 3620 301 3662 VS.
328 3600 399 3660 111,

155 3705 305 3785 Quietae,
328 3707 482 3788 iuquam,
504 3704 607 3766 islone
633 3709 701 3766 rem
724 3721 778 3785 eqo
795 3709 878 3766 reato
911 3702 1018 3764 vidoro
1044 3700 1090 3765 Cu
1110 3705 1189 3786 qaid

832 3806 930 3890 nqis?
953 3805 999 3868 Du
1018 3809 1095 3890 quid
1114 3817 1187 3872 ast?

156 3911 206 3976 Cu.
231 3912 303 3978 aaa
318 3932 373 3997 eqo
398 3914 489 3977 illem
510 3913 678 3994 mancupio
692 3915 807 3995 occepi.

156 4016 243 4080 Hunc
272 4015 378 4084 locum
409 4016 434 4080 si
456 4029 574 4079 attento
597 4014 701 4079 animo
727 4012 859 4102 legeris,
880 4036 938 4104 por
956 4027 987 4079 te
1006 4014 1073 4103 ipse
1096 4011 1187 4077 sarilo

158 4119 293 4201 videbis,
313 4123 451 4212 ineptam
469 4119 550 4186 hano
568 4143 631 4186 esse
651 4118 777 4187 Charini
801 4119 1087 4204 interrogationem:
1111 4123 1187 4204 qaid
