3182 5014
803 632 844 694 63

308 821 487 890 »adverbia
510 822 636 900 omnia,
660 843 740 913 quae
757 842 830 888 cum
847 818 1132 911 praepositionibus
1148 843 1339 914 componun·

308 943 409 1008 atur,
441 926 500 995 suh
524 948 588 993 nno
622 942 753 994 accentu
797 926 986 1018 proferenda
1027 940 1117 1007 sunt,
1149 940 1186 993 nt
1211 932 1339 1010 cnudo,

306 1057 325 1099 r>
339 1038 460 1103 scinde.
502 1035 592 1098 Hanc
618 1030 758 1120 regulam
796 1033 937 1124 sequitur
971 1031 1071 1097 omnis
1091 1031 1291 1118 conjunctio,
1308 1048 1340 1100 et

307 1163 325 1204 r>
341 1140 374 1205 in
403 1138 583 1230 compositis
612 1152 644 1204 et
672 1139 705 1203 in
730 1133 944 1227 simplicibus,
972 1150 1008 1202 ut
1027 1140 1159 1214 intereo,
1182 1138 1340 1226 eteotw).

305 1245 424 1311 Deinde
442 1251 553 1313 viuum
567 1258 598 1310 et
620 1247 750 1310 ualeant
765 1239 867 1307 multo
896 1237 1008 1308 melius
1034 1241 1171 1331 priorem
1203 1257 1338 1322 acuunt,

306 1372 417 1440 quam,
446 1363 483 1415 ut
504 1370 588 1414 nunc
611 1344 739 1423 volunt,
771 1345 982 1438 posteriorem.
1020 1345 1180 1412 Caeterum
1197 1367 1262 1412 non
1278 1360 1339 1414 tres

307 1467 430 1518 tanturn
469 1451 503 1518 hi
533 1474 659 1532 versus,
682 1451 736 1517 sed
762 1449 910 1543 permulti
930 1452 962 1517 in
983 1449 1043 1516 hac
1076 1471 1167 1517 scena
1204 1449 1254 1518 his
1283 1474 1345 1518 nu-

308 1559 400 1626 meris
422 1559 588 1649 compositi
611 1571 700 1638 sunt,
722 1572 759 1623 ut
779 1580 824 1623 vs.
849 1561 904 1624 17:

481 1669 562 1753 lucit
578 1665 718 1752 injurios
736 1667 902 1731 immerito.

307 1793 400 1861 quern
419 1769 559 1860 seqnitur
583 1764 679 1832 catal:

481 1876 600 1959 uosque
622 1874 662 1938 ub
683 1875 734 1939 his
755 1873 910 1941 ottocaro
931 1876 1003 1941 volt.
1068 1893 1074 1908 ·

306 1976 361 2048 ubi
382 1979 577 2044 Hermannus
599 1979 739 2070 scripsit:
817 2017 821 2026 ·

483 2105 604 2171 nosque
625 2086 665 2150 άῠ
688 2089 729 2152 iis
751 2105 838 2151 nuuc
858 2086 1013 2152 audovera
1033 2088 1104 2152 uolt.

306 2191 420 2256 Contra
440 2187 537 2255 libros
551 2190 619 2255 Mss.
643 2190 779 2255 inserens
806 2209 915 2267 ouum
948 2202 981 2253 at
1012 2186 1092 2254 nihil
1119 2203 1185 2254 erat
1219 2204 1347 2254 mutun-¹

308 2294 399 2374 dum3
423 2316 497 2358 nam
520 2292 706 2360 subsistente
727 2292 887 2385 paulisper
915 2294 1034 2358 Pinacii
1057 2296 1214 2374 oratione,
1245 2294 1351 2384 aptis-1

308 2397 383 2463 sime
398 2395 452 2461 hic
470 2398 558 2463 venit
579 2396 796 2477 catalecticus,
821 2399 854 2463 in
878 2400 966 2486 cujus
984 2396 1096 2464 ultima
1119 2401 1179 2466 arsi
1199 2397 1342 2490 rythmus

307 2503 374 2592 ipse
397 2525 520 2594 quoque
540 2504 686 2595 quiescit,
708 2501 803 2594 plane
831 2517 867 2567 ut
887 2504 920 2569 in
940 2502 1053 2593 Amph.
1075 2505 1111 2572 V.
1131 2509 1146 2569 l
1166 2526 1211 2572 vs.
1228 2506 1266 2583 8,
1285 2527 1345 2573 noo

307 2616 362 2674 me
371 2613 519 2677 miserior
532 2611 653 2698 semina
671 2618 729 2675 est.
775 2606 836 2673 Sed
857 2607 1039 2690 Pinacium,
1058 2631 1144 2676 novo
1163 2625 1266 2676 sumto
1280 2610 1345 2701 spi-

307 2711 392 2792 ritu,
412 2712 456 2778 ita
473 2713 593 2803 pergit:

505 2820 580 2884 Hae
594 2839 644 2884 res
665 2821 749 2886 citae
769 2828 826 2886 mot
841 2841 952 2898 soror,
975 2821 1140 2900 sotorum,
1195 2843 1196 2850 ¹

293 3003 297 3010 ἦ
505 2924 571 2989 tae
585 2925 665 2990 natta*
680 2926 819 2992 diuidiae
839 2934 868 2993 e‘t
889 2927 978 2992 sento
993 2936 1077 2994 sunt.

308 3022 363 3090 ubi
386 3023 473 3090 vides
496 3028 667 3093 sententiae
688 3029 812 3119 pondus
835 3030 879 3095 ita
897 3027 1077 3096 incumbere
1096 3029 1229 3118 repetito
1251 3049 1348 3093 vocn-

308 3127 384 3194 bulo
406 3132 482 3210 hoc,
504 3145 625 3195 utnon
647 3132 770 3221 possint
791 3133 857 3198 ictu
879 3155 991 3198 carere.
1036 3135 1246 3198 Hermannus:

506 3238 567 3302 irae
591 3245 642 3304 res
659 3242 741 3305 citae
757 3259 827 3318 mc,
850 3241 940 3305 soror
959 3239 1124 3316 saturent,

505 3342 566 3406 hae
588 3343 668 3409 mihi
685 3345 823 3408 diuidiae
842 3353 874 3409 et
893 3345 980 3409 senio
1000 3352 1084 3408 suut.

309 3448 341 3510 in
363 3464 457 3510 versu
481 3443 523 3506 24
545 3440 627 3529 lege:

505 3549 614 3634 [teque
637 3552 692 3616 tlte
709 3559 830 3617 mercat
849 3553 911 3618 sibi
937 3552 1112 3620 Persarum

508 3659 646 3735 montes,
669 3659 809 3741 quiesse
828 3662 920 3726 aurei
930 3659 1155 3743 perhibentur,

308 3774 339 3825 et
361 3759 503 3826 inversu
522 3761 572 3825 28.

463 3865 575 3931 Decet:
595 3871 804 3952 nequeenim
824 3872 857 3935 td
878 3870 1037 3936 immerito
1056 3871 1185 3935 mortiet.

307 3969 469 4035 Caeterum
496 3966 550 4032 hio
579 3991 705 4062 quoque
734 3969 823 4038 locus
852 3970 1042 4038 documento
1072 3985 1138 4052 est,
1161 3993 1256 4063 quam
1272 3969 1344 4038 reli·

308 4075 392 4158 giose
417 4071 539 4140 librarii
556 4079 751 4144 servaverint
767 4097 915 4145 versuum
928 4076 1162 4160 distinctiones,
1184 4077 1276 4162 etium
1286 4076 1341 4143 ubi

308 4201 512 4254 numerorum
532 4204 629 4270 genus
650 4183 726 4273 ipsis
744 4200 822 4254 esset
839 4183 934 4275 plane
949 4185 1098 4270 ignotum.
