3182 5014
734 601 774 662 13

236 816 329 884 quem
351 790 474 883 explere
490 790 628 858 volentes
647 790 767 860 librarii
786 793 826 858 ad
847 793 1098 883 praecedentium
1125 790 1269 860 similitu·

236 900 360 978 dinem,
379 899 548 986 adjecerint
570 901 676 991 inepta
693 898 767 965 illa:
787 921 890 987 oeque
910 902 1134 968 elleeideetor
1152 901 1270 983 mepit3

235 1027 309 1070 nam
328 1027 480 1094 perquam
505 1003 666 1068 commode
684 1003 823 1085 Bromia,
840 1017 1004 1095 superante
1024 1001 1131 1068 dolore
1154 1017 1184 1067 et
1199 1002 1270 1066 ani-

237 1110 279 1174 mi
300 1107 508 1194 aegritudine,
529 1105 581 1173 hio
597 1106 762 1198 paululum
778 1110 918 1177 oratione
941 1109 1088 1176 subsistit.
1119 1105 1268 1172 Probabi-

236 1214 296 1282 lior
316 1214 472 1281 videbitur
489 1214 565 1279 haec
584 1218 776 1301 conjectura,
800 1216 825 1280 si
849 1239 975 1283 versum
985 1237 1017 1280 se
1030 1226 1178 1304 quentem
1196 1233 1268 1276 oum

236 1325 412 1387 Hermanno
423 1319 616 1387 trochaicum
625 1321 786 1412 feceris(cf.
800 1322 1030 1388 Lindemaunus
1039 1321 1071 1384 in
1081 1317 1269 1403 addendisp

235 1451 330 1508 narn,
347 1423 403 1492 ubi
423 1441 561 1492 mutatur
582 1449 729 1494 versuum
751 1446 865 1513 genuS,
888 1448 980 1516 saepe
1001 1424 1159 1490 breviores
1180 1423 1269 1488 istius

235 1532 322 1597 modi
338 1532 483 1598 versiculi
500 1534 750 1622 interponuntur.
794 1531 922 1598 Accedit
944 1529 1031 1620 quod
1049 1529 1130 1596 inire
1145 1549 1270 1618 quoque

235 1635 345 1700 iisdem
379 1636 514 1700 numeris
550 1635 649 1712 utitur
678 1634 808 1716 ancilla,
842 1635 995 1726 siquidem
1022 1633 1188 1724 probanda
1224 1646 1270 1698 est

235 1737 346 1805 Weisii
376 1760 521 1803 versuum
550 1741 680 1803 21-23
702 1739 881 1830 dispositio,
903 1739 989 1831 quod
1018 1735 1124 1802 nullus
1149 1736 1270 1802 dubito

235 1846 292 1915 Vir
312 1843 442 1934 quidam
467 1842 678 1922 doctissimus,
707 1847 795 1932 eujus
813 1845 935 1933 judicio
964 1844 1041 1909 haee
1062 1843 1270 1932 subjeceram,

236 1952 298 2017 loci
318 1950 458 2042 corrupti
478 1947 560 2014 hene
583 1953 749 2042 proposuit
767 1951 1033 2017 emendationem:

496 2163 562 2226 Nee
584 2168 640 2226 me
656 2162 802 2226 miserior
822 2160 959 2246 femiae,

496 2269 606 2352 Neque
628 2268 688 2332 etto
708 2268 853 2333 videatur
875 2267 988 2349 meeis.

237 2479 256 2542 i.
273 2499 298 2542 e.
321 2479 425 2561 Moeir
445 2479 592 2542 miserior
615 2497 711 2561 prtem
733 2496 787 2560 eye
809 2485 841 2542 et
862 2477 948 2540 ltere.
967 2473 1047 2538 Nam
1057 2473 1200 2548 Femina,
1219 2466 1271 2530 in-

238 2581 315 2672 quit,
345 2601 408 2644 non
431 2578 602 2644 necessario
616 2575 756 2670 postulat
773 2576 916 2641 additum
935 2580 1011 2644 ello.
1040 2577 1083 2639 Ea
1105 2574 1154 2638 vis
1173 2585 1218 2639 est
1239 2570 1271 2634 in

236 2683 400 2770 negatione
423 2703 607 2769 eree—aeque.
633 2684 797 2765 Videatur,
816 2681 917 2748 videri
944 2694 1065 2771 potest,
1090 2701 1172 2760 esse,
1188 2676 1275 2742 iuve-

237 2788 299 2854 niri
313 2799 424 2878 potest.
