3182 5014
647 1208 1026 1308 cupulvl.

360 1603 383 1672 i.
409 1608 429 1672 2
452 1628 496 1672 vs.
521 1604 572 1669 ³2.

447 1785 528 1852 Ossa
550 1785 645 1868 utque
663 1785 759 1866 peliis
780 1787 853 1850 inim
874 1786 993 1850 misera
1023 1783 1244 1850 mauritndiuu.

315 1889 453 1976 Scaliger
489 1888 674 1980 proposuit:
717 1891 816 1955 miser
853 1911 875 1955 a
909 1891 1139 1969 nmoritndin03
1185 1886 1240 1954 sed
1283 1909 1358 1960 cum

317 1998 362 2064 sic
387 2019 496 2064 versus
524 2016 588 2061 non
614 2006 692 2058 essnt
715 2007 859 2073 sanutus,
886 1993 1070 2062 recentiores
1099 1995 1256 2080 ejecerunt
1283 1989 1357 2060 lite-¹

318 2126 385 2180 tam
401 2125 441 2183 a,
465 2098 551 2194 quod
571 2113 607 2164 ut
623 2096 749 2164 defendi
770 2099 887 2188 possit,
906 2090 1012 2164 malim
1037 2112 1155 2164 tamen:

343 2265 347 2272 .
461 2225 536 2273 ossa
556 2205 654 2289 u'tqne
672 2206 767 2287 peliis
788 2209 861 2271 snm
883 2207 982 2271 misor
1003 2208 1210 2289 aeyritndiuo.

317 2311 417 2391 Stich.
438 2313 471 2378 1.‘
491 2315 511 2377 3
534 2334 582 2377 vs.
607 2311 666 2375 62:
1033 2329 1034 2332 ’

430 2422 516 2485 Prae
538 2419 680 2486 mnuroro
701 2419 780 2484 adeo
803 2422 902 2488 miser
923 2430 1017 2506 atquo
1039 2421 1236 2506 aequitaniae
1337 2445 1338 2448 ¹

428 2527 602 2595 consenui(

318 2631 413 2700 modo
434 2653 480 2698 vs.
499 2632 543 2696 30
562 2626 747 2696 habuimus:
768 2649 843 2713 eqo,
869 2631 925 2716 qui
946 2639 1000 2696 tuo
1022 2649 1166 2696 moerore
1196 2647 1352 2696 maceror.

362 2928 416 2994 111.
443 2930 463 2991 2
485 2950 530 2993 vs.
558 2929 573 2990 1
605 2926 731 2992 Dudum
761 2924 935 3014 suspicatus
958 2944 1044 2987 erum
1066 2922 1099 2987 in
1126 2921 1220 3011 hujus
1249 2947 1358 2992 scenae

318 3032 478 3125 principio
507 3028 605 3097 latere
637 3028 846 3095 dochmiacou
890 3028 960 3092 Jum
987 3026 1082 3093 video
1109 3027 1357 3096 Lindemnunum

321 3138 536 3229 Weisiumque
554 3136 588 3201 in
610 3158 647 3201 eo
676 3134 862 3201 convenire:
881 3146 917 3199 ut
938 3131 1035 3197 verba
1062 3133 1184 3224 priora:
1206 3137 1290 3218 Quid
1310 3146 1359 3204 ost

320 3247 453 3311 suavius
468 3240 687 3322 dochmincnm
701 3251 885 3305 monometr.
901 3233 1020 3301 efficere
1035 3236 1158 3320 dicant,
1180 3239 1212 3304 in
1226 3262 1356 3332 sequeu-

321 3347 406 3414 tibus
432 3369 507 3414 veru
540 3346 726 3428 dissentire;
762 3367 858 3438 quare
887 3365 973 3409 nunc
1001 3342 1151 3430 audacius
1178 3369 1279 3412 meam
1317 3347 1356 3413 de

321 3452 352 3519 h.
371 3450 393 3518 l.
413 3452 597 3520 sententiam
614 3454 780 3545 proferam.
825 3449 923 3516 Credo
951 3449 1035 3515 enim
1061 3464 1162 3516 totum
1179 3450 1264 3517 hunc
1286 3474 1354 3518 ver-

320 3580 390 3624 sum
412 3554 604 3622 dochmiacis
627 3570 787 3636 constare,
810 3556 854 3621 ita
877 3554 942 3622 fere
964 3555 1206 3621 constituendis:

563 3662 646 3743 Quid
667 3668 714 3729 ussi
736 3664 892 3738 munim,

412 3770 515 3851 Quum
537 3767 617 3832 hun
639 3776 745 3854 uulnere
766 3774 834 3835 rum
849 3805 894 3816 -
913 3768 995 3834 hono'
1003 3767 1152 3852 publici!

605 3873 694 3939 Sicut
715 3877 770 3956 duo
791 3873 852 3958 suoi
874 3873 955 3937 iteri.

722 4055 951 4065 ——--—-—.

366 4171 417 4238 111.
442 4175 461 4236 4
481 4194 525 4238 vs.
549 4171 599 4236 98.
624 4172 677 4238 Αἰ
702 4190 756 4255 090
782 4181 813 4237 to
830 4172 919 4238 viden
939 4170 1043 4254 major
1069 4165 1231 4251 majurum.
1276 4166 1358 4232 Hom

1146 4293 1277 4340 rursum
1292 4273 1357 4338 tibi.
