3182 5014
731 652 767 714 ll

230 841 334 910 locum
359 839 530 924 exhibebo,
567 865 630 911 non
657 843 921 935 quemadmodum
939 866 957 908 a
976 843 1087 911 Plauto
1108 847 1259 939 scripturn

229 973 294 1016 esse
313 947 486 1027 contendo,
508 946 562 1014 sed
582 947 844 1034 quemadmodum
864 946 903 1012 ab
921 971 958 1014 eo
974 951 1125 1040 scriptum
1141 951 1257 1018 malim.

316 1157 371 1222 All
393 1159 495 1222 Homo
517 1158 567 1221 lu'c
589 1167 637 1223 est
657 1160 784 1238 elmon,
807 1164 845 1224 alt
864 1180 920 1243 eqo
943 1162 1067 1243 opinor.

346 1265 368 1328 S
391 1255 523 1349 Epona?
545 1262 573 1326 Α
594 1274 630 1330 tu
651 1268 733 1331 lste‘e.
758 1266 780 1328 S
803 1268 928 1330 utinam
950 1269 997 1331 ito
1020 1283 1132 1332 essem.

345 1371 372 1436 A
396 1373 485 1453 Qude
504 1373 590 1457 foeta
611 1377 714 1452 optas.
759 1369 815 1432 ubi
836 1369 944 1434 bibisti
951 1380 965 1433 t

233 1509 236 1516 ⁴
348 1477 534 1561 sequidem
556 1475 716 1555 nusquam
738 1468 764 1534 l
786 1474 863 1556 quid
885 1473 942 1539 hoc
965 1484 1015 1541 ost
1035 1475 1187 1542 lrdmr'ais!

349 1581 370 1644 S
393 1582 535 1666 equidem
557 1581 658 1644 decies
674 1580 748 1664 jum
771 1579 929 1646 libidini.

391 1677 513 1767 Ecquid
533 1685 652 1748 nudis?
674 1684 759 1746 domi
779 1701 834 1765 eqo
857 1703 930 1747 sum
951 1686 1103 1770 inquom,

392 1796 424 1854 et
444 1790 530 1870 opud
551 1795 581 1851 te
603 1805 713 1851 ossum
734 1785 827 1852 Sosio
848 1788 944 1850 idem.

391 1891 493 1958 sottu’
517 1893 574 1956 hoc
595 1893 712 1976 pluero,
738 1891 822 1955 sotio
843 1891 975 1970 diserto,

392 1999 484 2075 ltere,
510 2014 596 2062 nuno
617 1998 725 2061 videor
749 1994 808 2058 tibi
829 1995 974 2060 loeutus?

345 2103 372 2167 A
398 2104 486 2168 Vult!
509 2105 607 2186 dpoqo
629 2111 660 2167 te
680 2121 701 2166 o
723 2121 785 2166 mc.
809 2100 831 2162 S
853 2101 1140 2188 quidcumque?

227 2311 288 2378 Sed
320 2311 401 2378 nihil
432 2328 534 2379 tamen
561 2338 618 2401 ego
643 2314 829 2379 mutaverim
853 2328 962 2379 contra
991 2313 1121 2379 codices.
1166 2313 1260 2396 Quod

228 2430 330 2483 autem
355 2417 395 2482 ad
419 2433 579 2508 sequentes
604 2440 710 2485 versus
736 2417 873 2499 adtinet,
893 2417 985 2484 facile
1005 2419 1037 2484 in
1059 2419 1181 2486 eosdem
1202 2443 1259 2485 nu-

226 2545 326 2588 meros
344 2524 453 2614 paucis
473 2525 600 2591 mutatis
619 2524 741 2615 possint
755 2522 880 2609 refingi,
892 2523 945 2589 sed
956 2545 1027 2588 cum
1043 2524 1076 2588 in
1094 2524 1131 2590 iis
1148 2545 1211 2589 non
1224 2547 1259 2589 ea

226 2628 266 2694 sit
285 2630 495 2710 concinnitas,
522 2653 601 2720 quae
626 2631 658 2694 in
679 2628 936 2719 praecedentibus
958 2627 1114 2708 cernitur,
1129 2623 1260 2692 Bentleii

224 2731 367 2824 exemplo
387 2733 584 2817 admonitus,
605 2734 658 2801 hic
680 2732 862 2816 subsistam,
889 2732 1055 2824 locumque
1068 2731 1261 2800 felicioribus

225 2839 407 2932 relinquam.

632 3044 860 3054 ι--ι--υ-η-

225 3153 262 3220 Il.
283 3159 311 3220 1.
334 3177 380 3220 vs.
404 3158 423 3219 7
429 3158 456 3220 5.

269 3262 341 3326 Nou
360 3263 443 3328 soleo
459 3280 513 3345 ooo
537 3261 748 3327 somniculose
768 3261 839 3326 lert
853 3261 986 3343 imperia
1002 3261 1162 3343 persequi.

224 3362 421 3430 scribendum
439 3363 548 3428 credo:
819 3443 821 3448 Ι

268 3471 340 3540 Noa
367 3489 421 3553 eoo
445 3471 528 3535 soleo
548 3470 759 3534 somniculose
778 3469 850 3534 lteri
873 3470 938 3534 mei
953 3468 1085 3549 imperio
1103 3472 1259 3553 persequi.

226 3576 291 3638 mei
318 3572 503 3661 interposuit
527 3570 756 3636 Lindemannus
772 3593 780 3650 3
799 3583 891 3650 recte,
907 3570 940 3635 ni
962 3565 1063 3633 sallor.
1081 3569 1182 3660 Supra
1201 3570 1254 3634 1.1

224 3700 269 3744 vs.
294 3681 366 3742 191.

268 3785 339 3849 troo
368 3803 426 3849 eo:
459 3785 524 3848 mei
559 3784 628 3850 tert
662 3803 736 3848 sum
758 3801 875 3848 seruos.
922 3783 1087 3866 Numquid
1110 3802 1196 3848 uuor
1225 3805 1261 3850 es

550 3873 552 3876 ’
1124 3890 1261 3952 certiore

223 3989 278 4057 ubi
294 3989 376 4058 male
396 3991 524 4079 ejiciunt
543 4011 724 4080 pronomen.
769 3988 970 4056 Inserendum
991 3990 1119 4055 fortasse
1135 3991 1228 4056 etiam

222 4097 260 4161 11.
285 4099 312 4162 2.
333 4119 370 4163 vs
392 4100 448 4176 11,
470 4091 525 4160 ubi
546 4095 756 4176 Hermannus,
769 4093 1003 4162 utBaccbiacus
1019 4107 1190 4176 constaret,
1212 4097 1260 4164 in·

222 4205 317 4270 seruit
337 4225 509 4296 pronomen
533 4222 592 4268 eo:
