3182 5014
58 987 75 1016 ⁴

722 651 759 712 81

231 840 346 924 simile²
368 843 543 908 Terentium
560 838 612 906 hic
632 863 730 906 unum
745 840 937 908 trochaicum
951 843 1119 910 inseruisse.
1144 845 1257 931 Legen-

231 947 301 1013 dum
323 948 461 1014 videtur:

227 1055 306 1120 Mitt
320 1057 446 1139 quidem
462 1073 527 1118 oon
541 1053 579 1139 fit
592 1055 777 1130 amiciorum
795 1063 830 1118 at
838 1055 918 1138 ipsis
929 1059 1140 1122 commentdat
1147 1057 1256 1138 placet.

228 1159 305 1223 mitt
326 1154 444 1222 habent
466 1157 559 1221 etiam
581 1156 712 1223 codices.

618 1323 851 1334 ——--—.-

226 1367 471 1436 Naum:

224 1473 835 1562 Quapropteri-Itasoctoestopas.-
844 1475 1259 1558 Matura—Jamtaqaam

376 1639 379 1644 .
1080 1583 1131 1646 tto
1153 1581 1257 1646 naara

225 1683 276 1748 Sic
295 1680 467 1770 Bentlejus,
482 1682 542 1749 hac
564 1682 703 1773 subjecta
726 1683 943 1750 adnotatione:
978 1686 1112 1750 »Nostri
1131 1681 1258 1776 quidem

226 1809 363 1852 »omnes
385 1789 478 1855 Facto
500 1808 579 1874 opas
601 1800 670 1865 ost;
690 1789 741 1852 cui
765 1786 892 1854 lectioni
913 1801 959 1855 est
981 1789 1036 1878 qui
1053 1787 1157 1854 faveat
1179 1806 1259 1850 con-

226 1908 301 1959 ntra
324 1895 491 1974 Faernum;
524 1895 578 1961 sed
603 1907 640 1958 ut
665 1895 784 1974 versui,
807 1892 926 1984 inquit,
953 1890 1151 1972 consulatur,
1175 1893 1260 1958 inse-

226 1999 387 2066 >trandum
411 2001 470 2066 At:
993 2069 994 2074 ,

271 2106 488 2188 Quapropter
509 2107 555 2169 ita
577 2105 658 2191 [acto
680 2106 759 2188 opas
782 2112 836 2169 est.
881 2102 921 2168 At
942 2113 1081 2167 motura.

227 2209 338 2274 »Sane
355 2209 473 2298 optime
496 2209 601 2274 versui
621 2205 798 2274 consultum
821 2221 883 2272 est:
907 2207 933 2272 si
960 2202 1121 2271 consulere
1142 2217 1188 2270 est
1206 2207 1259 2292 ju·

227 2307 373 2396 »gulare
407 2310 519 2391 Quid?
540 2333 581 2375 an
604 2330 684 2396 opos
704 2323 753 2378 est
769 2320 804 2377 ot
820 2311 967 2400 corripiet
990 2323 1038 2380 est
1056 2313 1089 2377 in
1112 2333 1148 2377 ea
1166 2311 1261 2378 sedo?

227 2437 244 2479 o
258 2429 293 2480 ut
314 2414 368 2480 fiat
388 2416 490 2480 Paeon
512 2421 664 2507 quartus?
696 2417 764 2481 Non
787 2416 900 2506 opinor
921 2415 982 2482 hoc
1006 2417 1109 2483 dicere
1130 2418 1261 2483 sustine-

227 2545 244 2586 »
257 2520 349 2588 bit?''
367 2553 375 2567 ·
391 2521 517 2588 Scilicet
534 2523 566 2587 in
586 2520 726 2588 versibus
743 2522 966 2612 Hipponacteis
984 2522 1096 2612 pedem
1114 2536 1261 2614 quartum

225 2650 308 2718 puro
333 2650 454 2720 semper
476 2625 588 2716 jambo
609 2642 750 2692 constare
775 2641 919 2717 oportere
941 2625 1074 2717 putabat
1094 2627 1259 2716 Bentlejns.

225 2733 267 2798 At
294 2756 358 2798 non
387 2733 592 2799 necessarium
614 2731 675 2797 hoc
700 2755 764 2797 esse
794 2733 901 2797 docuit
931 2734 1126 2799 Hermannus
1159 2731 1258 2799 Elem.

226 2849 258 2927 p'.
286 2842 344 2903 151
371 2861 415 2929 sq.
437 2834 538 2904 allatis
562 2862 600 2905 ex
618 2841 687 2930 ipso
708 2840 852 2904 Terentio
875 2839 998 2906 duobus
1021 2840 1176 2920 versibus,
1205 2839 1261 2906 uhi

227 2944 382 3032 Bentlejus
405 2947 437 3010 in
462 2946 534 3013 sede
551 2963 663 3038 quarta
682 2962 882 3038 anapaestum
900 2963 931 3013 et
951 2947 1261 3039 proceleusmaticum

227 3073 291 3115 esse
313 3052 399 3116 sivit.
446 3052 515 3114 Non
539 3065 652 3117 temere
681 3051 777 3136 igitar
804 3051 998 3141 repudianda
1020 3066 1066 3117 est
1093 3053 1154 3116 viri
1176 3050 1262 3117 docti

229 3157 424 3241 conjectura,
444 3167 478 3220 ot
494 3155 673 3236 inserentis,
693 3158 841 3247 quoniam
857 3180 963 3222 omnes
975 3155 1097 3220 codices
1109 3171 1139 3220 et
1153 3156 1262 3220 Faerni

227 3273 258 3325 et
279 3257 410 3346 Bentleji
440 3259 525 3325 hunc
559 3259 702 3324 ordinem
730 3275 870 3325 servant:
897 3281 977 3346 opas
1004 3270 1068 3335 ost;
1101 3261 1155 3350 qui
1183 3260 1263 3325 ordo

228 3377 358 3454 propter
387 3377 548 3428 accentum
571 3359 682 3427 melior
712 3377 773 3443 est,
800 3384 915 3453 quam,
944 3381 980 3431 ut
1001 3367 1135 3432 Faernus
1159 3366 1262 3434 dedit:

228 3477 277 3534 est
301 3489 389 3552 opos.
433 3467 518 3532 Insra
541 3493 665 3562 quoqne
694 3471 730 3539 V.
752 3473 771 3534 4
792 3493 836 3536 as.
860 3476 902 3536 53
931 3470 1044 3558 legitur
1071 3474 1112 3540 At
1137 3483 1264 3540 motato

229 3570 337 3640 velut
358 3574 391 3639 T.
413 3571 510 3639 l'aber
534 3576 683 3663 conjecit:
707 3575 748 3641 Aa
769 3585 906 3642 enatare.

228 3785 265 3853 V.
290 3785 309 3847 4
332 3805 381 3848 vs.
409 3784 471 3846 25:

229 3887 598 3956 t‘stbtmormasertca.
616 3889 700 3974 Ejus
711 3885 911 3955 rromeatssn.
928 3887 1051 3954 Nomen
1063 3897 1128 3950 tam
1139 3887 1218 3950 cito?
1230 3883 1262 3947 P.

976 3994 1110 4056 Pltdnia.
1119 3988 1172 4053 Cu.
1184 3990 1265 4054 Hem

228 4098 395 4164 Pariiffla
404 4119 514 4164 aarum
524 4101 626 4166 hercle
634 4099 852 4184 opinorsaisse
861 4095 1033 4162 Pisoniana:
1044 4097 1102 4160 ltoc
1110 4096 1192 4159 certo
1199 4095 1265 4158 scio

229 4203 486 4284 Rhamnusium
512 4215 565 4270 etc.

1073 4305 1092 4367 6
