3182 5014
804 623 845 684 90

310 808 408 876 Bentl.
435 833 452 875 r>
465 811 526 878 Nec
554 825 704 892 metrum,
733 834 791 878 nec
820 815 972 878 sementia
990 812 1065 879 huic
1081 815 1185 882 versui
1203 830 1343 897 constat,

311 917 479 984 »Haecin
500 914 588 982 nullo
607 938 644 982 ex
664 917 778 982 nostris
798 932 853 983 est.
872 920 1015 1008 Repone:

310 1025 413 1086 lmow'
435 1025 496 1088 sets
519 1026 647 1107 potius,
684 1025 781 1108 qudm
806 1026 934 1109 quidem
962 1028 1043 1090 redit
1062 1028 1104 1090 od
1120 1025 1281 1110 integrum
1297 1046 1346 1092 eo-

1147 1133 1219 1194 dem
1236 1129 1347 1195 ordtio,

310 1253 326 1293 »
341 1231 427 1296 Scias
442 1251 481 1294 an
505 1230 643 1310 nescias,
664 1229 795 1320 perinde
812 1244 865 1296 est.
888 1230 938 1295 Ad
959 1233 1113 1316 integrum
1133 1232 1215 1296 redit
1238 1233 1346 1299 eadem

268 1413 270 1418 Ι
308 1335 459 1414 naratio,
482 1336 636 1402 sivescire
657 1351 687 1401 te
699 1333 759 1400 hoo
777 1335 897 1416 dicam,
913 1334 979 1401 sive
990 1337 1116 1402 nescire.
1141 1338 1345 1404 Unaeadem-

309 1463 326 1504 r>
343 1463 404 1532 que
432 1441 533 1506 oratio
565 1454 611 1506 est
640 1440 673 1505 in
703 1464 736 1507 re
764 1455 836 1519 tua,
865 1443 946 1507 scire
974 1455 1005 1505 et
1032 1440 1182 1507 acsdre.‘'
1213 1442 1345 1532 Scripsit

309 1546 405 1629 igitur
424 1543 582 1632 Bentlejus
600 1548 698 1614 Redit
715 1568 774 1636 pro
785 1549 936 1624 'Rodeoh
968 1545 1172 1637 distinxitque
1193 1559 1265 1635 post
1280 1548 1344 1611 Po-

309 1653 391 1730 tius,
413 1648 517 1714 versui
540 1651 660 1735 egregie
684 1649 867 1730 consulens,
887 1650 941 1716 sed
958 1649 1343 1738 sententiammejudice,

307 1757 432 1844 penitus
463 1769 612 1822 evertens.
657 1753 796 1820 Primum
823 1759 865 1822 od
892 1760 1050 1841 integrum
1072 1759 1154 1822 redit
1173 1753 1344 1845 explicavit

308 1865 416 1928 eodem
443 1865 545 1940 redit,
567 1865 698 1946 perinde
725 1872 790 1941 ost,
811 1863 900 1949 cujus
918 1883 991 1926 usus
1008 1860 1192 1958 priusquam
1207 1861 1345 1926 certissi-

306 1989 393 2031 mum
411 1964 489 2031 mihi
509 1965 656 2030 afferatur
678 1963 875 2055 exemplum,
891 1988 955 2030 non
980 1966 1104 2032 credam
1121 1970 1164 2032 ud
1184 1969 1344 2051 integrum

306 2075 390 2138 redit
410 2070 470 2137 hoc
492 2095 585 2138 sensu
597 2071 708 2138 Latine
727 2071 798 2138 dici.
842 2072 960 2137 Deinde
980 2093 1078 2158 qoam
1099 2071 1225 2136 videtur
1254 2091 1341 2135 accc-

305 2178 388 2270 pisse
402 2200 461 2268 pro
482 2187 536 2257 ot,
562 2181 801 2260 θαυμαστικῶςε
824 2199 920 2263 quom
950 2181 1054 2244 redit!
1084 2179 1126 2244 tte
1147 2179 1250 2243 redit!
1276 2175 1343 2260 sig-

306 2305 444 2376 numque
477 2283 692 2367 interrogandi
721 2296 834 2348 temere
852 2282 983 2346 innotis
1002 2280 1128 2347 videtur
1149 2279 1341 2360 adhaesisse,

306 2402 390 2454 recte
403 2390 436 2452 in
453 2401 539 2454 textu
555 2389 714 2454 omissum.
760 2387 855 2452 Miror
871 2401 974 2452 tamen
997 2385 1144 2452 nonnihil
1161 2386 1192 2454 h.
1210 2386 1231 2454 l.
1248 2387 1338 2453 istam

305 2494 474 2561 Chremetis
485 2491 750 2558 exclamationem.
765 2493 827 2559 Nec
836 2491 940 2584 placet
958 2514 1130 2583 pronomen
1151 2497 1261 2560 eadem
1271 2517 1280 2573 5
1302 2515 1340 2560 ex

304 2596 436 2687 Bentleji
445 2600 746 2667 sententiaChremes
761 2599 861 2666 multo
870 2598 979 2667 melius
989 2600 1116 2666 dixisset
1127 2609 1261 2686 utroque
1272 2622 1340 2668 oro

304 2707 364 2783 ts'o;
381 2726 454 2769 nam
465 2727 572 2771 revera
583 2710 666 2773 douo
677 2721 749 2772 sunt
760 2708 913 2772 orationes
925 2703 1019 2796 plane
1027 2704 1214 2783 contrariae,
1233 2717 1340 2769 utrum

305 2808 383 2874 scire
390 2831 457 2874 eam
470 2809 593 2890 diceret,
606 2833 645 2874 an
657 2813 783 2876 nescire.
795 2812 953 2875 Postremo
970 2809 1067 2901 (quod
1075 2807 1174 2874 multo
1193 2810 1339 2894 gravissi-

304 2935 390 2978 mum
399 2912 467 2999 est),
478 2927 601 3005 recepta
612 2912 743 3000 Bentleji
755 2911 886 2980 lectione
895 2928 925 2979 et
935 2914 1198 3004 interpretatione,
1209 2934 1272 2978 non
1280 2935 1339 3005 po-

305 3031 365 3083 test
381 3017 531 3108 explicari
551 3041 804 3111 versussequens,
829 3019 861 3083 in
878 3039 941 3110 quo
952 3019 1090 3082 Sostrata
1106 3018 1146 3083 ad
1157 3017 1338 3086 virnmtt‘ut'·

304 3143 387 3208 quos
401 3145 451 3201 es,
473 3121 593 3215 inquit,
615 3128 672 3209 qut·
687 3144 739 3189 me
759 3133 860 3189 tacere
879 3127 918 3190 de
935 3145 971 3188 re
990 3134 1078 3190 touta
1094 3126 1242 3209 postules.
1275 3121 1337 3188 Ubi

303 3224 454 3292 enimam
469 3225 584 3318 quibus
603 3225 706 3293 verbis
724 3224 784 3291 hoc
811 3225 1027 3317 postulaverat
1057 3225 1225 3295 Chremes?
1267 3231 1337 3294 Jam

303 3328 395 3424 uide,
425 3354 520 3421 quarn
542 3333 661 3419 egregie
679 3332 754 3397 huic
776 3330 848 3398 loco
866 3335 1034 3400 conveniat
1051 3333 1161 3397 Faerni
1182 3333 1336 3423 interpre-

304 3435 397 3520 tatio,
415 3434 548 3524 probata
566 3437 660 3502 etiam
678 3460 696 3501 a
720 3437 866 3502 Decetia:
890 3438 1028 3503 Sostrata
1043 3458 1100 3526 per
1118 3436 1336 3520 interrogatio-

303 3560 376 3604 nem
408 3539 531 3605 dicente
554 3543 621 3627 Ego
649 3547 781 3610 nescio?
807 3541 967 3622 Chremes,
999 3547 1063 3609 imo
1078 3541 1226 3632 ,·inqnit,
1243 3545 1274 3608 si
1289 3545 1336 3608 ito

302 3647 425 3723 monis,
456 3648 537 3711 scire
557 3657 587 3712 te
604 3648 726 3732 [otton
746 3650 781 3714 id
804 3652 890 3715 enim
916 3651 1082 3715 cotaeedore
1104 3650 1212 3726 molo,
1238 3668 1335 3733 quom

303 3751 382 3816 milti
413 3771 454 3816 aa
482 3753 602 3835 integro
636 3756 779 3819 eamdem
805 3758 980 3821 orationem
1008 3753 1176 3830 cohibeas,
1207 3773 1271 3838 qua
1299 3761 1334 3816 tu

303 3858 394 3922 modo
426 3877 521 3923 cures
544 3877 631 3923 meos
658 3860 814 3926 obtudisti.
859 3856 980 3940 Quibus
1007 3856 1110 3924 verbis
1135 3879 1208 3922 cum
1228 3868 1334 3945 aperte

303 3956 439 4024 declaret
456 3981 567 4040 senex,
586 3983 618 4026 se
637 3958 723 4027 nolle
744 3985 873 4028 uxorem
892 3960 1138 4038 diutiusaudire,
1171 3958 1206 4022 id
1231 3958 1334 4048 ipsum

303 4064 358 4131 illa
376 4089 584 4158 conquerens,
608 4074 738 4156 iamnes
759 4091 810 4148 cs,
832 4069 956 4158 inquit,
976 4072 1032 4155 qui
1049 4087 1099 4131 mo
1115 4075 1218 4130 moene
1237 4068 1277 4130 de
1298 4086 1334 4130 re

303 4181 392 4242 unu
411 4177 563 4258 postulas.
607 4173 680 4243 Vim
706 4186 808 4240 autern
843 4171 937 4259 hujus
967 4191 1074 4239 versus
1104 4164 1214 4234 melius
1239 4173 1332 4237 etiam
