3182 5014
827 614 846 676 6

330 807 424 874 modo
457 817 590 872 erratum
618 803 710 869 etiam
738 818 784 869 est
813 803 843 868 11
871 807 885 867 1
925 825 966 868 νε.
994 805 1036 868 93
1056 802 1111 868 ubi
1137 825 1195 894 pro
1228 807 1276 872 To
1301 825 1355 873 aas

329 913 433 980 Codex
447 911 505 976 Gn.
522 910 536 972 Ι
553 906 647 975 habet
661 913 760 989 Torta,
770 923 800 974 et
812 910 855 976 sic
868 931 975 1000 saepe..
1004 909 1121 974 Deinde
1141 924 1212 975 ante
1223 909 1353 976 verbum

329 1011 464 1084 seraitae
494 1015 630 1106 expunxi
660 1009 740 1076 illud
773 1017 896 1098 moyse,
920 1012 1007 1104 quod
1027 1013 1216 1082 Camerarius
1245 1019 1353 1080 eontra

328 1121 445 1204 libros,
468 1137 503 1188 ut
520 1122 661 1199 videtur,
684 1118 867 1201 induxerat3
887 1121 1008 1185 servavi
1019 1133 1120 1184 autem
1132 1135 1191 1184 noc
1210 1127 1352 1198 servitus,

328 1248 428 1317 neque
456 1249 527 1291 cum
553 1227 730 1289 Hermanno
761 1237 792 1288 et
820 1224 1033 1290 Lindemanno
1061 1224 1246 1289 mutaverim
1275 1240 1355 1288 nanc

328 1335 483 1410 servitos,
512 1328 665 1421 siquidem
696 1326 748 1392 hic
776 1350 899 1420 quoque
930 1351 1103 1420 pronomen
1130 1328 1283 1414 significat
1306 1331 1352 1395 oh

328 1438 385 1502 tor
409 1436 474 1500 sive
501 1439 589 1513 ἰάσω
622 1455 679 1499 nec
700 1433 765 1498 sine
783 1434 816 1496 vi
835 1448 866 1498 et
888 1434 987 1518 gratia
1004 1455 1176 1524 pronomen
1195 1429 1275 1497 illud
1292 1431 1352 1496 ite-

328 1554 422 1604 ratur.
466 1541 604 1604 Fortasse
623 1541 708 1603 vs.7
742 1537 781 1602 ad
810 1538 948 1604 eamdem
975 1560 1117 1603 normam
1142 1536 1354 1628 disponendus

328 1658 395 1726 est,
420 1647 453 1709 in
473 1643 557 1710 hunc
573 1642 720 1708 modum:

545 1753 591 1814 e'to
612 1752 705 1835 qnasi
725 1751 870 1814 invadam
892 1769 943 1815 me
965 1753 1117 1815 miseram

545 1855 687 1920 homines
706 1863 772 1919 orto
794 1855 892 1918 votior·
914 1857 1053 1920 eoodoat.

739 2115 972 2128 ——m—u-Aa-

368 2277 391 2340 1.
417 2282 431 2340 1
457 2301 501 2344 vs.
527 2283 576 2346 25.

368 2480 421 2544 Me.
441 2481 521 2546 Sam
550 2490 622 2549 vero
656 2505 756 2550 verno
779 2486 918 2552 verbero.
955 2485 1004 2548 So.
1035 2485 1177 2550 Numero
1206 2483 1285 2547 milri
1315 2484 1351 2546 ia

420 2637 422 2644 .
690 2677 692 2681 Α
1124 2595 1260 2654 meatem
1287 2589 1352 2674 soit

325 2690 374 2754 dis
401 2691 618 2760 dormientem
647 2699 766 2780 praetor
787 2717 847 2780 pro
873 2698 996 2760 meritis
1019 2695 1349 2780 opereotqaedtloqoi.

323 2791 425 2863 Verba
449 2796 573 2884 priora,
592 2822 664 2866 som
685 2823 757 2868 aero
778 2821 876 2868 verno
894 2802 1021 2866 vernem
1038 2800 1114 2865 mire
1133 2813 1288 2864 torserunt
1299 2799 1351 2889 in-

322 2915 489 2990 terpretes3
513 2923 617 2968 sensus
642 2904 726 2968 enim
757 2917 802 2968 est
836 2902 1004 2970 obscurior.
1051 2905 1115 2989 Ego
1139 2903 1258 2968 dudum
1276 2923 1351 2967 con-

318 3008 454 3094 jeceram
488 3009 642 3095 integrum
671 3032 795 3075 versum
827 3032 891 3076 esse
919 3011 1040 3088 Sosiae3
1073 3007 1117 3072 sic
1141 3008 1223 3072 enim
1245 3007 1349 3072 omnia

322 3126 395 3177 sunt
418 3112 514 3204 plana
541 3129 572 3181 et
593 3116 766 3205 perspicua.
811 3117 923 3182 Servus
947 3113 1144 3203 semetipsum
1167 3113 1348 3201 increpans,

321 3217 426 3282 »Sum
455 3241 530 3286 vero
559 3242 655 3301 verna
673 3218 837 3298 verbero‚''
856 3221 974 3310 inquit,
997 3242 1013 3283 »
1026 3241 1094 3284 sum
1113 3239 1188 3283 vero
1217 3217 1348 3302 dignus,
1449 3242 1450 3246 ¹

322 3344 339 3386 »
353 3323 407 3414 qni
440 3321 569 3408 flagellis
598 3323 760 3406 verberer,
794 3325 942 3417 quoniam
964 3347 1048 3389 nune
1068 3323 1192 3387 demum
1213 3320 1292 3387 mihi
1314 3323 1347 3386 in

321 3442 484 3494 »mentem
506 3430 612 3510 venit,
645 3431 710 3498 Diis
735 3433 848 3516 gratias
879 3451 967 3516 agere
992 3451 1051 3522 pro
1078 3429 1213 3508 meritis,
1234 3427 1347 3520 quibus

321 3555 338 3596 r>
348 3554 398 3597 me
425 3532 572 3620 sospitem
604 3558 620 3601 e
647 3534 731 3602 bello
762 3534 978 3600 reduxerunt.’'
1033 3535 1077 3599 De
1101 3532 1188 3597 voois
1209 3552 1347 3598 ¹stantano

321 3634 545 3720 significatione
578 3637 727 3729 peculiari
757 3639 971 3706 dissertatione
998 3640 1060 3725 egit
1082 3639 1206 3704 Rostius
1226 3635 1347 3703 Plauti-

319 3762 431 3806 norum
450 3741 656 3831 Capediorum
678 3739 805 3820 ferculo,
818 3743 878 3824 IX,
889 3744 1079 3811 contendens
1100 3740 1174 3807 huic
1190 3738 1345 3807 vocabulo

320 3869 439 3937 semper
467 3847 600 3911 ironiam
630 3848 795 3918 inhaerere.
840 3852 970 3921 Videtur
990 3849 1073 3914 idem
1093 3848 1157 3912 fere
1173 3847 1345 3932 significare

318 3951 403 4040 quod
436 3956 581 4036 temperi,
614 3953 648 4015 in
675 3975 738 4043 quo
764 3955 871 4020 eadem
904 3956 1040 4019 cernitur
1070 3951 1187 4017 ironiae
1209 3953 1272 4033 νῆες
1302 3953 1342 4018 cf.

318 4052 420 4121 Aulul.
453 4058 504 4132 111.
529 4060 549 4121 3
580 4079 625 4122 νε.
648 4059 668 4120 6
689 4071 720 4122 et
749 4057 813 4125 Gas.
843 4059 880 4123 Π.
904 4062 924 4122 6
947 4083 991 4124 νε.
1019 4059 1069 4121 60.
1114 4057 1273 4125 Caeterum
1293 4081 1344 4124 me

318 4175 398 4227 recte
425 4161 469 4225 ita
495 4163 674 4248 conjecisse,
705 4162 765 4252 ipsi
801 4164 921 4230 numeri
954 4176 1112 4230 testantur.
1158 4163 1271 4232 Versus
1293 4176 1340 4232 est
