3182 5014
804 615 846 678 72

305 801 402 870 Stich.
425 805 463 871 11.
488 789 513 869 1'
530 827 566 871 νε
585 805 640 869 44:

352 913 463 977 δεινόν
485 913 539 977 ris.
558 911 603 976 Dt.
622 921 653 978 et
670 921 705 978 tu
727 914 822 980 edire,

297 1014 571 1105 ,quemadmodum
603 1029 706 1082 autem
729 1014 782 1080 hio
798 1016 917 1082 mediae
933 1015 1067 1081 orationi
1087 1018 1240 1111 quaedam
1260 1021 1341 1088 inse·

307 1121 373 1186 ruit
398 1143 508 1187 manus
543 1117 661 1199 aliena,
690 1119 734 1184 itu
762 1120 880 1216 sactum
911 1141 1036 1211 quoque
1057 1121 1170 1213 Amph.
1190 1123 1231 1190 11.
1252 1127 1271 1186 2
1292 1147 1338 1190 vs.

311 1229 394 1306 196,
419 1225 476 1291 ubi
498 1229 708 1306 defluamus,
729 1223 890 1292 nonnullis
907 1226 1028 1314 ejectis,
1043 1217 1209 1312 legendnm
1228 1229 1336 1294 suasit:

307 1333 505 1418 A‘mpltt'trco
533 1337 637 1414 olias,
672 1341 706 1400 τε
726 1337 782 1420 qui
810 1334 938 1400 atraere
964 1335 1014 1400 dio
1039 1341 1156 1400 maros
1186 1335 1341 1420 sooqotdr

1240 1447 1341 1504 taum.

306 1537 573 1625 ingeniosissime!
616 1538 731 1606 Eodem
757 1538 852 1605 modo
880 1539 1082 1626 corrigendus
1104 1541 1233 1609 fortasse
1253 1543 1339 1633 (lapt.

307 1644 346 1710 11.
367 1649 452 1711 3νε.
481 1647 543 1710 41:

818 1752 980 1837 Ndroqoid
998 1754 1088 1818 aliud
1098 1753 1147 1817 oa's
1159 1755 1248 1837 putri

352 1857 499 1922 coactori
508 1866 522 1921 t
536 1855 587 1920 Τν.
608 1875 660 1923 mo
673 1856 724 1922 tte
744 1858 868 1935 colora,
889 1866 920 1922 et
935 1861 1000 1924 trito
1019 1859 1168 1922 oodootor
1184 1858 1296 1937 dicito,

312 2003 314 2008 -
355 1963 524 2048 Tyndaro,
547 1965 632 2028 lotor
644 1965 702 2027 oo's
718 1963 821 2047 socae
839 1963 963 2045 topacio
984 1964 1070 2027 duod
1082 1962 1287 2030 docordotttt

308 2064 401 2130 llodo
428 2064 485 2155 (vs.
508 2063 562 2154 21)
586 2068 654 2153 jam
683 2064 819 2129 dixerat:
849 2067 940 2131 dioilo
965 2086 1017 2130 me
1035 2068 1086 2134 ltt'o
1106 2069 1212 2132 volero
1224 2093 1237 2143 ;
1256 2087 1342 2131 nunc

311 2182 457 2254 rogatus,
487 2169 643 2260 numquid
669 2166 756 2234 aliud
787 2181 946 2258 praeterea
970 2165 1066 2233 vellet
1087 2169 1171 2260 patri
1184 2169 1346 2250 nrmtiari,¹

309 2296 416 2338 rursus
445 2272 529 2339 idem
557 2273 727 2366 praecipit:
760 2277 880 2339 onorio
901 2294 953 2338 mr
979 2275 1030 2339 lio
1056 2277 1183 2351 vatum
1205 2273 1237 2337 in
1258 2295 1341 2365 seqq.

308 2399 483 2470 pronomen
509 2398 568 2445 nos
593 2392 665 2444 ante
696 2377 894 2442 Infinitirum
914 2374 995 2442 male
1021 2377 1192 2443 omittitur:
1221 2377 1278 2444 has
1301 2375 1342 2444 ob
1398 2383 1400 2388 ’

312 2504 420 2548 causas
439 2479 585 2548 Plautum
607 2481 727 2550 dedisse
746 2485 901 2572 suspicor:

354 2695 522 2759 oratori?
540 2693 583 2756 Tt
603 2693 669 2758 tros
683 2694 785 2778 scisse
805 2693 930 2775 ioqeoio
956 2692 1043 2755 laud
1061 2691 1267 2757 durordatttt

312 2791 431 2864 Verba:
448 2815 500 2862 mo
521 2797 698 2862 torculare
723 2816 761 2860 ex
780 2817 824 2860 νε.
854 2796 893 2860 31
921 2793 1053 2883 repetita
1072 2792 1236 2874 videntur;
1273 2794 1342 2861 reli-

313 2920 375 2990 qua
401 2896 514 2964 deinde
541 2896 679 2985 adjecta,
698 2922 770 2968 cum
789 2903 930 2988 Tyndari
954 2922 1068 2965 nomen
1091 2899 1184 2993 plene
1200 2902 1233 2966 iu
1257 2902 1344 2968 codi-

311 3000 400 3069 cibus
432 3017 591 3069 exaratum
619 3027 726 3072 versus
752 3005 914 3072 turbasset.
953 3006 1132 3086 Caeterum,
1156 3004 1242 3099 quod
1266 3004 1342 3074 olim

313 3112 514 3197 conjeceram,
535 3109 617 3176 infra
634 3131 673 3174 ex
694 3132 739 3175 vs.
754 3112 794 3175 14
817 3108 1004 3198 ejiciendum
1026 3131 1090 3176 esse
1109 3108 1241 3176 alterum
1254 3113 1343 3193 beor,

312 3213 451 3308 probant
485 3230 552 3282 tum
584 3213 654 3280 loca
674 3212 839 3296 Plautina,
870 3213 925 3280 ubi
945 3215 1054 3283 eodem
1074 3212 1168 3278 modo
1187 3219 1291 3283 oioow
1313 3232 1344 3283 et

313 3326 419 3389 volero
448 3321 513 3386 sine
538 3319 688 3402 adverbio
711 3319 899 3412 copulantur
920 3319 1021 3410 (infra
1045 3320 1097 3388 tv.
1118 3323 1155 3399 3,
1181 3343 1226 3386 νε.
1250 3323 1292 3385 67
1312 3335 1344 3387 et

312 3427 365 3492 ΠΙ.
398 3431 432 3506 3,
458 3448 503 3492 νε.
524 3429 573 3491 43.
595 3426 633 3491 of.
649 3424 798 3492 Ritschel.
819 3425 859 3490 ad
887 3423 998 3490 Bacch.
1032 3426 1070 3491 11.
1099 3428 1134 3506 2,
1162 3448 1207 3491 νε.
1231 3428 1291 3505 14,
1312 3440 1343 3491 et

313 3526 412 3594 Bentl.
434 3528 474 3594 ad
491 3531 557 3594 Ter.
574 3531 682 3596 Heaut.
701 3533 739 3596 tl.
763 3536 807 3609 3,
828 3555 872 3596 νε.
900 3533 932 3618 3)
960 3545 1027 3596 tum
1048 3532 1146 3599 codex
1164 3530 1343 3599 Ambrosia-

315 3655 394 3714 nus,
415 3657 507 3725 quem
526 3658 627 3726 nuper
644 3636 849 3703 animadverti
872 3633 933 3701 hoo
952 3633 1084 3703 verbum
1115 3637 1264 3704 omittere.

704 3840 936 3848 --—-—--——-

315 3947 339 4011 l.
364 3949 383 4012 2
406 3969 451 4012 vs.
478 3948 548 4012 146.

400 4053 488 4132 Horo
507 4057 600 4134 soar,
620 4075 678 4120 seo
703 4064 804 4132 rorte,
825 4059 882 4122 sed
897 4073 1044 4138 pervorse
1061 4054 1146 4138 forto
1164 4060 1249 4118 root.
1343 4103 1348 4118 .

401 4158 532 4241 Epomdt
547 4160 659 4245 serisso
674 4160 839 4245 cdofitoor,
869 4160 1096 4244 Meqordoa'dcs.
