3182 5014
748 641 801 704 43-

252 860 368 907 manno
388 837 421 902 in
438 832 631 955 praefatione
648 829 689 897 ad
706 831 923 898 Trinummum
937 853 1009 923 pag.
1019 832 1084 901 XV.
1108 833 1172 919 Ego
1185 832 1292 902 nullus

252 944 385 1022 dubito,
404 942 481 1034 quin
502 938 632 1006 Plautus
651 938 824 1046 scripserit:

318 1052 453 1118 Nullam
475 1054 544 1115 esso
566 1051 678 1132 opinor
699 1053 754 1133 eqo
777 1067 890 1132 aquom
913 1049 949 1113 ὄπ
971 1051 1059 1116 narni
1080 1070 1156 1135 oqro
1177 1049 1290 1127 Attico,

263 1179 268 1216 ;
316 1159 420 1241 oeque
435 1154 585 1240 forocorn,
610 1156 706 1240 qoam
728 1155 779 1219 hic
801 1162 851 1219 est
870 1161 978 1220 nostor
999 1156 1206 1239 Periphanes.

252 1260 367 1326 inserui
383 1255 573 1350 particulam
593 1262 695 1340 oomi;
719 1279 799 1349 quae
823 1257 997 1322 orationem
1017 1256 1121 1324 reddit
1141 1255 1295 1324 efficacio·.

252 1387 336 1443 rem,
365 1385 507 1455 quaeque
525 1361 683 1428 exciderat
701 1376 832 1453 propter
849 1360 1087 1429 similitudinem
1105 1364 1293 1454 praeceden-

220 1477 224 1484 '
252 1471 332 1536 tium
352 1466 513 1535 literarum
536 1472 625 1544 mim
648 1468 688 1532 cl.
703 1468 790 1532 Most.
811 1468 833 1532 l.
856 1473 870 1530 1
895 1487 940 1533 vs.
962 1471 1020 1533 30:

298 1576 366 1657 Quo
389 1583 481 1640 admo
504 1577 645 1659 adaeque
660 1575 831 1659 juventute
853 1594 894 1640 eo
915 1575 1005 1640 nami
1025 1573 1142 1640 A‘ttr‘oo

265 1731 269 1737 .
298 1690 373 1745 uoto
394 1679 454 1745 lao'o
477 1689 524 1744 est
546 1680 673 1747 notetur
693 1681 826 1764 porcos,
850 1699 908 1745 neo
930 1682 1032 1764 meeis
1054 1682 1226 1746 continens.

253 1783 340 1849 Idem
358 1779 550 1849 vocabulum
570 1799 653 1849 recte
678 1784 809 1850 inseruit
832 1783 969 1849 Weisius
997 1785 1078 1850 Pers.
1101 1785 1124 1850 l.
1149 1788 1164 1847 1
1187 1806 1232 1849 vs.
1258 1785 1294 1862 2,

254 1888 309 1954 sed
327 1886 398 1952 loco
416 1885 528 1954 alieno.
567 1889 748 1974 legendum
766 1888 810 1953 ibi
831 1903 891 1955 est:

297 1995 468 2080 Sopordos’t
488 1997 655 2061 mannis
677 1999 746 2061 sois
768 1999 941 2061 amorreus
963 2015 1074 2062 omnes
1095 1996 1251 2063 Herculis.
1312 2075 1315 2083 Ἰ

254 2103 295 2164 Ut
321 2122 397 2186 oper
423 2099 467 2164 sic
488 2109 581 2184 poter
611 2121 737 2190 quoque
767 2100 800 2163 in
829 2098 952 2165 casibus
978 2096 1131 2189 obliquis,
1159 2115 1191 2164 et
1215 2121 1296 2192 quoe

256 2203 331 2270 iude
362 2202 513 2282 veniunt,
542 2207 666 2288 patrio,
692 2213 830 2287 patruos
861 2218 917 2268 etc.
941 2203 1028 2296 apud
1048 2202 1194 2270 Plautum
1218 2227 1296 2272 sem·

255 2329 313 2400 per
336 2309 512 2398 corripiunt
538 2305 694 2396 priorem3
723 2307 812 2394 cujus
839 2307 883 2372 rei
912 2329 1037 2375 oausam
1065 2332 1235 2402 quaerens,
1261 2310 1295 2374 in

257 2437 325 2480 eam
353 2409 473 2478 delatus
502 2433 571 2476 sum
602 2411 828 2501 suspicionem,
858 2410 980 2478 literam
1000 2436 1018 2478 r
1042 2412 1146 2480 Plauti
1168 2413 1298 2482 auribus

257 2518 335 2586 adeo
355 2516 483 2584 mollem
503 2531 534 2583 et
557 2514 712 2608 liquidam
733 2518 834 2584 risam
852 2518 964 2598 fuisse,
986 2533 1022 2585 ut
1032 2540 1204 2611 numquam
1219 2539 1295 2583 oon-

257 2625 397 2692 sonantis
419 2620 490 2688 loco
512 2621 666 2689 habuerit.
699 2621 787 2688 Certe
807 2624 840 2687 in
852 2625 977 2691 labrum
988 2647 1114 2718 quoque
1124 2646 1297 2716 numquam

257 2730 444 2823 produxisse
461 2728 587 2794 videtur
601 2729 739 2818 priorem
754 2741 785 2792 et
797 2727 984 2813 Aaophitraeo
996 2751 1116 2819 semper
1130 2727 1215 2818 apud
1226 2749 1298 2794 eum

258 2833 425 2901 secundam
457 2832 596 2921 corripit.
642 2831 703 2897 sed
729 2830 870 2897 noudum
901 2823 958 2917 ego
986 2831 1061 2899 huic
1091 2836 1134 2901 rei
1159 2836 1299 2901 intentus

257 2937 418 3006 Plautinas
447 2934 570 3002 fabulas
596 2935 724 3027 perlegi.
770 2934 921 3003 Noleham
947 2952 1052 3005 tamen
1086 2938 1168 3005 hanc
1194 2938 1299 3028 suspi-

258 3043 381 3110 cionem
408 3041 552 3120 reticere,
579 3056 615 3106 ut
642 3039 720 3108 alios
746 3043 912 3124 excitarem
942 3042 982 3107 ad
1006 3066 1115 3110 verum
1136 3043 1299 3134 inquiren·

259 3149 351 3230 dum,
376 3145 639 3241 quemadmodum
659 3148 726 3237 ipse
752 3170 876 3239 quoque
894 3149 1051 3238 inquirere
1070 3163 1207 3238 pergam.

659 3438 887 3450 -—-=-——-—-

305 3617 312 3632 .
338 3572 353 3631 1
380 3591 425 3633 v.
451 3572 507 3634 10:

260 3568 416 3744 ἓὴονοὶῑ
432 3676 582 3754 Mbeom,
598 3676 890 3759 potteeorluheer:
908 3675 1159 3762 occumula‘qoo‘d
1151 3674 1297 3855 ‚oliqqq,

1069 3783 1177 3865 aliquo
1192 3797 1244 3843 mo

260 3827 424 3966 ulmodo,
444 3885 485 3951 ob
505 3887 625 3970 aliqui,
648 3887 756 3972 ole‘quo
774 3887 831 3953 tibi
846 3906 918 3970 spes
935 3895 984 3952 est
1000 3886 1072 3971 fora
1089 3902 1214 3950 meeum
1230 3883 1301 3968 sor-

1177 3995 1300 4052 tooom

262 4097 293 4162 ll.
311 4093 410 4162 Jacob
429 4111 596 4188 utrumque
614 4117 739 4161 versum
751 4092 926 4181 jamhioum
943 4091 1055 4156 habuit
1073 4102 1301 4168 tetrametrum,

262 4199 477 4291 transpositis:
501 4222 624 4270 meeum
644 4203 727 4287 sore:
748 4199 885 4267 Weisius
902 4191 1302 4289 prlorem.jamhioum,al0
