3182 5014
727 637 766 697 15

221 825 305 916 quod
329 847 425 910 genus
442 823 494 890 hic
519 825 629 890 merito
651 825 731 890 dixit
749 827 973 892 suavissimum.
1003 828 1129 894 Constat
1151 844 1253 896 autem

219 953 257 996 ex
292 929 425 995 dimetro
459 929 573 995 cretico
612 944 642 995 et
677 928 837 994 trochaico
873 944 1065 996 monometro
1103 934 1254 1026 hyperca-

220 1032 350 1100 talecto:

287 1141 375 1222 Qede
391 1144 483 1219 dedi,
515 1153 547 1208 et
565 1144 647 1228 qood
668 1143 783 1228 hanefe
808 1139 812 1228 Ι
847 1143 900 1206 ce':
921 1144 955 1205 et
967 1145 1097 1224 posthoc
1113 1145 1177 1209 tihi.

220 1259 312 1335 atque
332 1246 364 1310 in
392 1267 429 1310 eo
451 1244 616 1309 artificium
642 1242 745 1310 Plauti
780 1244 887 1310 mirari
909 1243 998 1325 licet,
1021 1248 1076 1336 qui
1094 1247 1250 1314 duriorem

222 1352 381 1417 aereticis
412 1350 453 1416 ad
479 1348 653 1417 trochaicos
685 1352 851 1418 transitum
878 1349 939 1415 hoc
961 1352 1144 1442 interposito
1161 1376 1253 1419 versu

220 1457 417 1542 mitigaverit.
461 1457 531 1521 Mox
556 1479 648 1523 versu
684 1462 724 1521 15
756 1457 846 1522 metri
870 1479 962 1522 causa
991 1479 1049 1547 pro
1076 1480 1191 1525 amans
1210 1457 1253 1524 le-

220 1566 354 1650 gendum
372 1566 501 1631 fortasse
521 1586 640 1632 emens.

264 1774 302 1837 Il.
327 1776 346 1837 2
369 1796 413 1838 vs.
440 1777 480 1838 12

264 1877 398 1942 Leonida
428 1900 543 1958 servus,
568 1900 638 1943 cum
680 1876 797 1968 praeda
823 1875 883 1942 sibi
905 1875 1010 1942 oblata
1031 1890 1124 1956 esset,
1139 1877 1253 1963 gaudio

220 1975 396 2061 exsultans,
432 2004 617 2048 conservum
651 1985 749 2047 suum'
777 1982 898 2072 quaerit
922 1980 1090 2060 Libanum,
1119 1997 1155 2047 ut
1182 2005 1253 2048 eum

221 2083 303 2150 laeto
320 2086 437 2151 nuncio
453 2087 619 2177 impertiat.
652 2088 713 2152 Sed
731 2110 801 2152 eum
820 2109 892 2152 cum
914 2108 978 2151 non
998 2087 1105 2151 statim
1117 2087 1253 2168 videret,

222 2211 326 2255 morae
342 2190 525 2280 impatiens,
542 2192 586 2256 ita
606 2189 778 2258 exclamat:

221 2293 362 2361 Aetatem
379 2299 475 2362 eelim
494 2301 631 2373 rantra,
651 2297 812 2362 liboeum
832 2307 869 2362 ot
890 2297 1074 2363 coceecidm
1098 2296 1201 2361 modo.

222 2390 329 2466 E'tiom
348 2403 387 2465 de
404 2403 489 2484 terpo‘
521 2402 673 2465 decentes
689 2402 801 2484 ple'pos
821 2408 1032 2488 praenitentes
1049 2399 1140 2464 dabo.

222 2505 350 2569 Ndmsa‘
374 2506 448 2568 heic
461 2506 618 2570 occasioni
639 2513 763 2587 tempus
782 2526 850 2571 sese
870 2506 1106 2572 subterdecere't

221 2607 404 2693 Namqucm
424 2610 534 2693 edepol
550 2610 807 2694 quadripertitae
829 2611 998 2692 indipiscet
1015 2608 1136 2690 postea.

221 2725 328 2778 versus
344 2713 453 2777 tertius
476 2709 613 2778 vacillat.
657 2710 787 2778 Bothius
805 2714 945 2804 scripsit:
967 2714 1053 2780 Nem
1075 2715 1104 2778 si
1125 2730 1160 2775 se
1181 2711 1254 2794 hoie

221 2819 380 2884 occasioni
397 2826 521 2900 tempus
542 2817 791 2884 subterdccerit:
814 2838 871 2904 ego
884 2817 998 2882 minori
1009 2815 1194 2881 mutatione:

288 2922 373 2988 Nc'm
391 2923 422 2985 si
444 2923 601 2987 occasioni
617 2922 691 2988 huic
709 2932 832 3006 tempus
855 2931 923 2990 sese
941 2923 1186 2988 sebterddcerit.

222 3027 282 3094 Sed
300 3024 431 3090 mirifica
456 3023 496 3088 ad
515 3023 599 3090 hunc
619 3047 743 3091 versum
762 3027 872 3092 Weisii
889 3040 934 3092 est
953 3024 1132 3090 adnotatio:
1155 3034 1254 3090 ›rtem-

223 3154 313 3218 »pes
330 3131 500 3208 incertum,
521 3151 561 3193 an
585 3130 626 3196 sit
651 3152 724 3219 pars
742 3132 869 3220 capitis,
891 3154 930 3195 an
953 3129 1150 3195 abstractum.
1197 3130 1252 3194 Sin

205 3264 240 3305 ·›>
254 3238 371 3328 capitis
388 3258 479 3327 pars,
503 3258 543 3300 an
566 3237 736 3302 occasionis
757 3259 796 3300 an
810 3236 948 3301 Libani.’'
992 3237 1062 3326 Ipse
1076 3237 1173 3321 ejecto
1185 3254 1255 3300 sese

222 3344 327 3412 locum
349 3346 394 3410 ita
422 3341 576 3435 explicat:
599 3366 616 3407 o
629 3364 702 3406 nam
733 3342 758 3406 si
789 3340 924 3406 Libanus
944 3362 1045 3422 nuuc,
1067 3362 1165 3430 quum
1184 3338 1253 3428 ipsa

223 3450 375 3517 »occasio
403 3471 478 3514 eum
513 3447 635 3537 quaerit
658 3461 688 3511 et
704 3460 800 3534 caput
821 3444 909 3534 quasi
931 3449 996 3530 ejus
1021 3443 1255 3534 apprehendere

224 3568 401 3634 »conatur3
424 3567 657 3641 tempus'suum
677 3550 707 3614 'ei
727 3546 984 3615 subterdurerit.'’
1028 3549 1073 3614 Ex
1101 3551 1169 3636 ejus
1197 3547 1255 3633 igi·

215 3675 275 3728 'tur
290 3661 442 3729 sententia
475 3672 599 3744 tempus
614 3656 649 3720 h.
664 3653 685 3722 l.
708 3669 755 3722 est
773 3656 963 3721 Graecorum
1006 3657 1170 3742 κρότωφος.
1213 3653 1255 3720 At

219 3769 293 3859 ·quis
312 3789 462 3857 umquam
483 3770 527 3830 ita
550 3763 672 3828 locutus
696 3775 756 3831 est!
781 3762 961 3852 quasivero
982 3759 1037 3849 qui
1059 3759 1252 3823 occasionem

224 3869 417 3962 prehendere
433 3884 573 3949 conatur,
585 3883 707 3959 tempus
728 3873 793 3956 ejus
804 3868 949 3958 arripiat,
972 3860 1254 3943 nonfrontem,-uhi

224 3973 431 4067 capillataest.
440 3974 542 4039 sedin
552 3973 716 4038 refutando
725 3970 963 4037 illocommento
972 3989 1098 4059 operam
1109 3989 1172 4031 non
1184 3989 1255 4057 per·
1341 4015 1343 4020 .

218 4079 308 4161 dam,
319 4102 391 4144 cum
407 4101 470 4144 non
482 4101 590 4144 verear
601 4099 640 4142 ne
659 4075 1061 4168 cuiquam'sitplaciturum.
1078 4068 1180 4136 atille
1189 4091 1254 4134 non

217 4185 420 4276 assequitur,
447 4183 527 4273 quid
550 4180 610 4252 sibi
634 4178 725 4249 velit:
753 4193 934 4267 tempnere
958 4177 1151 4247 stacederet
1170 4195 1254 4242 occe·
