3182 5014
836 605 854 664 4
946 681 949 688 ,

331 807 489 874 uerissime
510 800 668 866 indicaret.
713 795 774 861 Sed
793 808 829 860 ut
846 796 877 860 in
896 793 946 860 his
968 817 1078 862 verum
1104 797 1186 863 vidit
1203 799 1253 862 vir
1275 821 1360 884 mag-

331 939 410 992 nus,
437 925 467 976 et
491 906 651 972 anemine
677 901 780 968 adhuc
812 916 858 968 est
884 902 1054 980 refutatus,
1090 905 1134 968 ita
1169 904 1202 968 in
1237 901 1358 995 reliqua

331 1015 445 1083 cantici
470 1029 559 1106 parte
579 1007 814 1086 constituenda,
836 1027 945 1072 vereor
971 1021 1007 1072 ut
1035 1005 1094 1072 sibi
1112 1008 1178 1097 ipse
1197 1005 1292 1097 plane
1311 1030 1359 1078 sa-

330 1123 495 1201 tisfecerit3
512 1118 592 1185 mihi
614 1114 741 1208 quidem
765 1113 839 1202 (non
863 1111 969 1202 inique
996 1112 1074 1178 feret
1091 1112 1141 1177 vir
1159 1115 1359 1202 praestantis·

330 1233 449 1308 simus,
480 1249 529 1291 me
555 1222 652 1288 libere
683 1219 867 1286 sententiam
895 1218 1012 1298 dicere,
1040 1241 1112 1284 cum
1132 1241 1196 1284 uuo
1218 1221 1359 1288 veritatis

330 1336 434 1404 studio
455 1334 528 1400 duci
543 1354 592 1396 me
616 1325 729 1419 patiar)
754 1323 832 1390 mihi
859 1325 954 1410 igitur
977 1345 1159 1414 persuasum
1183 1340 1295 1394 estus.
1318 1334 1355 1394 ll

332 1447 372 1507 12
397 1457 427 1507 et
455 1443 496 1505 13
520 1460 583 1504 non
611 1447 693 1500 recte
718 1429 758 1496 ab
776 1433 953 1496 Hermanno
982 1453 1046 1496 esse
1075 1430 1278 1513 constitutos3
1304 1433 1358 1499 sed

330 1544 482 1634 ejusmodi
511 1537 739 1608 controversiae
765 1557 837 1601 oum
866 1558 960 1625 penes
987 1559 1074 1602 aures
1100 1536 1300 1626 potissimum
1322 1539 1362 1605 sit

326 1651 505 1740 judicium,
537 1644 629 1712 facile
655 1654 785 1732 apparet
810 1638 892 1704 hanc
915 1662 981 1706 rem
1003 1637 1187 1733 plerumque
1205 1663 1268 1706 non
1295 1655 1358 1707 tam

331 1756 422 1822 certis
444 1751 632 1839 argumentis
662 1746 790 1826 confici,
822 1769 916 1834 quam
942 1747 1125 1812 auctoritate
1151 1761 1183 1810 et
1210 1749 1360 1814 uniuscu-

328 1867 442 1952 jusque
460 1883 572 1940 sensu3
590 1856 709 1922 bonum
726 1855 822 1941 igitur
844 1856 981 1934 factum,
1005 1853 1091 1946 quod
1109 1867 1216 1920 nostro
1232 1856 1264 1920 in
1289 1854 1359 1922 loco

332 1992 370 2034 er
391 1969 459 2058 ipsa
486 1963 638 2032 sententia
656 1963 722 2052 peti
741 1977 845 2052 potest
864 1961 1019 2050 eJ'usmodi
1038 1976 1274 2046 argumentum,
1296 1984 1359 2049 quo

331 2076 426 2154 satis,
449 2073 483 2138 ni
506 2069 615 2150 fallor,
638 2069 796 2136 refutatur
814 2068 983 2134 Hermanni
1000 2068 1033 2132 in
1052 2067 1101 2132 his
1119 2065 1261 2135 versibus
1286 2089 1360 2132 con·

332 2177 497 2245 stituendis
522 2176 609 2241 ratio⁴
655 2177 743 2241 Sosia
764 2195 872 2242 servus
896 2171 936 2238 ab
959 2172 1034 2238 hero
1052 2195 1108 2240 suo
1127 2171 1356 2263 Amphitruone

331 2283 365 2346 in
388 2281 524 2370 patriam
554 2299 655 2368 nuper
683 2277 797 2345 reduce
817 2277 1027 2367 praemittitur
1047 2291 1144 2346 noctu
1164 2277 1206 2342 ad
1229 2301 1359 2346 uxorem
1426 2301 1428 2308 ·

332 2387 400 2474 ejus
423 2383 644 2463 Alcumenam,
666 2398 702 2450 ut
729 2407 797 2450 eam
821 2384 860 2449 de
879 2384 941 2450 viri
967 2384 1105 2451 adventu
1130 2385 1225 2449 faciat
1246 2384 1361 2450 certio-

332 2515 406 2558 rem.
460 2489 538 2555 Cum
566 2503 670 2554 autem
705 2487 917 2580 periculosum
954 2504 1032 2556 esset
1064 2486 1127 2554 illis
1168 2488 1360 2580 temporibus

333 2609 430 2662 noctu
458 2595 517 2658 iter
543 2589 660 2672 facere,
683 2615 790 2659 seruus
817 2591 1017 2662 meticulosus
1042 2615 1115 2661 cum
1138 2592 1279 2684 pericula
1304 2592 1360 2660 illa

332 2713 619 2778 commemorasset,
641 2695 689 2762 his
712 2695 816 2764 verbis
839 2697 949 2764 herum
972 2721 1064 2766 suum
1086 2701 1227 2767 incusat:

464 2805 549 2866 Haec
571 2805 641 2869 heri
657 2806 856 2869 immodestia
875 2808 989 2888 coegit,
1010 2826 1061 2870 mo
1073 2809 1129 2890 qui
1143 2807 1201 2872 hoc

463 2910 563 2972 mortis
583 2928 604 2971 a
619 2920 714 2991 portu
735 2912 880 2992 ingratiis
902 2912 1058 2974 oscitavit.

465 3011 579 3078 Nomou
600 3015 684 3076 idem
700 3014 756 3076 Aoo
772 3015 835 3077 luci
853 3034 904 3078 me
924 3017 1046 3079 mittero
1060 3019 1184 3098 potuit!

334 3121 369 3182 ln
394 3140 484 3182 versu
510 3116 602 3180 tertio
630 3117 686 3181 hoc
715 3117 909 3182 accusativus
926 3131 988 3196 est,
1011 3118 1276 3209 quemadmodum
1295 3119 1360 3184 Cas.

334 3226 378 3289 ΙΙΙ
395 3229 414 3288 5
434 3246 479 3288 vs.
506 3225 546 3286 43
567 3219 695 3307 legitur:
725 3225 758 3287 id
772 3226 871 3288 misso
887 3244 979 3299 sum,
996 3236 1026 3287 et
1047 3224 1081 3288 in
1101 3223 1160 3288 hac
1172 3225 1239 3315 ipsa
1254 3220 1360 3288 fabula

336 3329 418 3419 (1112
431 3352 475 3393 vs.
486 3327 555 3416 28):
574 3333 607 3395 t'd
617 3331 679 3395 Aac
691 3333 817 3408 reuerti3
832 3341 924 3419 atque
935 3328 979 3393 sic
990 3332 1104 3418 passim
1115 3332 1200 3422 apud
1211 3347 1359 3399 nostrum.

333 3437 394 3502 Sed
418 3433 479 3498 hoc
496 3433 622 3524 quidem
647 3446 783 3512 constat,
817 3429 897 3497 illud
920 3454 995 3497 veru
1015 3433 1194 3522 ambiguum
1214 3452 1278 3518 est,
1297 3458 1360 3529 quo

332 3541 486 3634 pertineat
508 3560 680 3629 pronomen
705 3543 796 3606 tuom.
842 3538 940 3607 Video
962 3539 1044 3604 enim
1063 3544 1248 3609 recentiores
1266 3542 1360 3609 inter-

332 3662 435 3738 pretes
465 3645 505 3710 ad
528 3667 627 3709 unum
646 3668 751 3711 omnes
771 3649 856 3712 idem
888 3644 1003 3712 habere
1028 3648 1257 3712 nominativum
1283 3670 1360 3714 mas·

333 3753 491 3834 culinum;
526 3768 557 3818 at
587 3773 643 3837 ego
672 3773 735 3815 non
757 3749 883 3830 dubito,
916 3751 991 3842 quin
1013 3752 1206 3818 accusativus
1227 3750 1268 3816 sit
1286 3772 1361 3816 neu-

331 3862 409 3926 trius
420 3860 538 3946 generis
548 3857 717 3923 arctissime
723 3855 902 3943 jungendus
913 3879 984 3922 cum
995 3856 1181 3948 pronomine
1192 3860 1257 3924 ltou.
1279 3857 1359 3932 ¹Nam

333 3965 358 4030 si
386 3988 442 4055 per
477 3969 560 4030 idem
593 3960 781 4053 Amphitruo
812 3961 986 4042 indicatur,
1015 3960 1136 4027 nullam
1163 3959 1206 4025 ob
1236 3937 1361 4026 causain

332 4070 397 4156 ejus
425 4091 557 4159 persona
584 4065 645 4130 hoc
674 4067 859 4156 pronomine
889 4065 1072 4150 insignitur,
1107 4063 1363 4156 quandoquidem⁴

331 4195 395 4237 non
419 4173 452 4236 id
472 4173 651 4258 indignatur
675 4195 803 4252 servus,
823 4170 909 4262 'quod
929 4168 970 4236 ab
988 4171 1216 4258 Amphitruone
1236 4169 1360 4261 potissi-
