3182 5014
504 1116 989 1216 nnnflluuun.

652 1365 854 1392 400-

238 1611 241 1616 .
282 1523 403 1612 Prolog.
423 1549 468 1592 vs.
491 1529 531 1592 50
554 1550 619 1620 sqq.

326 1706 420 1772 Nune
439 1708 535 1791 quum
551 1728 620 1773 rem
635 1717 761 1773 matum
777 1711 839 1775 hue
849 1714 922 1776 ueni
931 1763 939 1788 ,
951 1712 1067 1794 paucis
1075 1712 1261 1794 preloquutum

322 1821 397 1894 post
417 1815 641 1896 drqumentum
663 1815 762 1900 hujus
783 1817 912 1901 eiaquur
933 1818 1121 1900 trapdediae.

328 1918 411 1997 Quia
433 1920 635 1984 muneratis
655 1918 816 2003 sanatam?
840 1919 922 1999 Quia
944 1921 1136 2003 aequoniam

326 2025 396 2087 diei
414 2025 559 2108 futuram
582 2023 687 2088 hanc?
709 2024 787 2088 deus
809 2043 881 2088 sum
895 2049 905 2087 :
928 2028 1160 2090 commemoro

327 2128 470 2192 eamdam
491 2128 589 2205 hune,
611 2129 776 2192 rivallis:
798 2128 934 2213 sanium,
958 2149 999 2193 eu
1021 2129 1181 2212 traqrodia

325 2234 484 2299 comedia
506 2243 543 2298 ut
564 2236 625 2309 sit,
650 2232 798 2299 amnibus
818 2233 920 2298 isdem
941 2233 1095 2300 versibus.

285 2409 403 2478 Vitium
429 2407 505 2474 latet
535 2409 568 2473 in
597 2407 714 2474 verbis:
738 2419 968 2476 commutarem
995 2412 1138 2476 eamdem
1172 2412 1265 2476 hane.

241 2515 412 2581 Pronomen
447 2519 609 2596 eundern,
639 2516 672 2580 in
703 2537 767 2605 quo
796 2514 830 2580 h.
860 2513 880 2580 l.
904 2513 993 2581 nulla
1020 2530 1065 2581 est
1089 2516 1159 2596 vis,
1180 2513 1269 2580 nulla

241 2624 361 2708 gratia,
382 2618 492 2686 melius
520 2618 645 2684 abesset.
691 2621 757 2684 Hoc
775 2620 888 2704 vinium
910 2642 982 2685 cum
998 2621 1140 2686 sensisset
1157 2621 1270 2688 Linde·

240 2750 393 2806 mannus,
422 2725 555 2790 duorum
589 2723 733 2788 codicum
765 2721 1113 2814 Guelpherbytanorum
1131 2729 1270 2794 auctori-

240 2847 304 2898 tate
320 2831 458 2922 scripsit:
480 2838 711 2896 commutarem
735 2832 844 2895 eadam
866 2832 897 2896 si
915 2834 1026 2908 uoltis;
1050 2834 1133 2900 hane
1152 2837 1271 2922 faciam

239 2959 279 3004 en
302 2939 466 3022 traqoedia
485 2949 560 3014 ete,
594 2932 638 2997 ita
673 2946 710 2997 ut
740 2936 850 3000 eadam
872 2932 1024 3018 significet
1043 2957 1127 3016 una,
1153 2940 1269 3004 simul.

241 3048 357 3112 statim.
401 3043 511 3107 Fateor
535 3043 646 3108 endem
682 3035 899 3104 subintellecto
930 3061 1026 3125 opera
1064 3062 1155 3129 saepe
1184 3039 1271 3131 apud

242 3143 389 3212 Plautum
409 3166 592 3223 occurrere,
613 3142 667 3209 sed
691 3143 774 3208 idem
795 3142 950 3208 contendo
964 3146 1029 3230 ejus
1045 3141 1193 3208 vocabuli
1203 3143 1271 3208 vim

243 3249 284 3315 ab
305 3250 336 3315 h.
360 3250 380 3317 l.
402 3250 497 3342 plane
525 3271 589 3316 esse
619 3248 771 3329 alienam3
800 3250 918 3339 quippe
943 3246 1100 3340 indicauit
1132 3270 1169 3313 eo
1193 3247 1271 3316 duas

244 3379 292 3422 res
311 3356 418 3422 eadem
442 3379 555 3448 opera,
578 3354 687 3420 eodem
713 3368 854 3444 tempore
872 3352 996 3443 peragi,
1012 3366 1048 3418 ut
1069 3353 1102 3417 in
1121 3354 1191 3444 ipso
1213 3351 1270 3419 ilio

243 3458 394 3551 exemplo,
407 3461 491 3553 quod
500 3484 537 3528 ex
546 3462 691 3528 Bacchid.
708 3463 742 3552 (1.
755 3466 782 3526 1.
792 3484 838 3526 vs.
852 3459 905 3550 15)
918 3458 1024 3524 attulit
1034 3460 1274 3527 Lindemannus:
1315 3521 1320 3533 ,

285 3566 408 3632 Eadem
425 3568 552 3646 bibaris,
577 3569 687 3634 addam
710 3569 822 3633 dedero
844 3567 901 3632 nbi
922 3567 979 3633 aba·
998 3566 1113 3633 biberis
1128 3570 1271 3646 edvium,-

242 3683 275 3734 at
308 3685 415 3736 nostro
446 3672 479 3735 in
513 3669 584 3736 loco
613 3667 695 3736 nihil
722 3669 882 3756 ejusmodi.
927 3669 1011 3752 Quid
1032 3669 1155 3755 igitur?
1196 3670 1273 3738 Mihi

239 3774 367 3866 quidem
383 3773 511 3862 vulgata
523 3774 618 3840 lectio
637 3773 791 3840 servanda
801 3774 944 3856 videtur3
962 3776 1007 3839 ita
1017 3787 1120 3840 tamen
1132 3827 1140 3856 ,
1153 3789 1188 3842 ut
1198 3791 1271 3867 post

199 3932 203 3940 .
241 3877 432 3944 vocabulum
463 3859 693 3948 wurmuwuero
726 3881 826 3966 major
848 3895 984 3970 ponatur
1010 3879 1168 3946 distinctio
1180 3905 1188 3962 ;
1210 3903 1273 3972 quo

242 3984 336 4065 sacto,
359 3986 463 4050 omnia
486 3998 578 4051 erunt
596 3981 797 4073 planissima,
820 3997 850 4049 et
876 3983 1028 4050 sententia
1046 3997 1190 4050 nascetur
1200 4007 1273 4050 vere

240 4085 395 4154 Plautina.
441 4089 519 4153 Nam
546 4087 683 4179 primum
710 4097 940 4156 commulnem>
968 4085 1152 4154 habebimus
1186 4086 1275 4154 ahso-

244 4191 488 4283 impositum,
509 4205 546 4259 ut
566 4193 599 4258 in
620 4192 803 4259 Trinummo
823 4193 845 4258 1.
868 4195 896 4259 2.
917 4216 963 4260 vs,
987 4196 1048 4258 21:

1083 4305 1098 4362 l
