3182 5014
838 646 958 726 us

317 855 374 900 sus
389 836 510 920 furris,
541 848 634 904 uootu
659 849 694 904 ut
715 841 866 923 crudique
887 848 918 904 to
936 840 1045 917 rubes,
1068 841 1237 906 curabitur.
1282 839 1351 905 iam

319 939 487 1017 sententia,
503 938 612 1018 oredo,
627 941 793 1032 perspicua
812 954 875 1021 est,
893 961 994 1032 neque
1019 957 1081 1023 est,
1107 966 1164 1010 cur
1190 943 1351 1024 miremur,

318 1038 463 1106 librarios
490 1039 710 1108 adverbiorum
733 1043 809 1110 serie
829 1044 1031 1113 conturbatos
1051 1061 1082 1112 et
1100 1047 1262 1139 deceptos,
1283 1073 1352 1118 ver·

319 1167 388 1210 sum
409 1145 443 1209 in
464 1143 541 1209 duas
565 1151 732 1212 sententias
757 1147 940 1215 distinxisse.

701 1347 966 1358 Μ..

319 1452 341 1516 l.
366 1457 386 1516 3
410 1474 454 1518 vs.
481 1455 539 1516 12:

363 1559 426 1624 Sed
446 1561 581 1623 mutae-ru
599 1578 714 1641 parere
735 1567 876 1646 nequeo:
900 1565 1005 1627 uesuio
1027 1565 1189 1647 qatmouo,

319 1664 377 1727 Hie
403 1660 490 1728 loeus
518 1676 700 1746 argumento
727 1677 789 1743 est,
821 1686 916 1756 quam
940 1665 1030 1730 foede
1048 1664 1176 1734 Plautus
1199 1669 1351 1758 passima

319 1766 455 1834 librariis
485 1781 629 1857 acceptus
657 1770 711 1848 sit,
739 1791 895 1861 quamque
924 1791 1038 1860 parum
1062 1768 1153 1837 nobis
1174 1786 1293 1838 constet
1312 1771 1351 1838 de

319 1869 514 1957 singulorum
530 1868 671 1936 locorum
687 1874 864 1958 integritate
881 1875 947 1940 sine
962 1872 1143 1943 melioribus
1154 1879 1221 1944 lllss.
1251 1879 1352 1961 Quem

268 2035 269 2038 ,
319 1978 403 2043 enim
428 1975 460 2042 b.
483 1974 504 2042 l.
532 1976 636 2041 mendi
663 1972 715 2041 vel
742 1973 899 2043 levissima
919 1991 1059 2063 tangeret
1076 1981 1234 2071 suspicio?
1273 1982 1352 2064 Quis

319 2085 352 2148 in
372 2105 463 2149 sensu
480 2080 577 2172 plano
595 2096 626 2147 et
641 2083 777 2148 numeris
795 2084 922 2173 optimis
943 2105 1007 2148 non
1020 2081 1163 2150 lubenter
1174 2086 1353 2176 acquiesce-

319 2189 394 2255 ret?
442 2189 659 2256 Verumtamen
689 2187 740 2254 hie
768 2211 893 2282 quoque
929 2195 1081 2276 grassatos
1117 2213 1180 2256 esse
1206 2189 1352 2258 librarios

318 2290 456 2358 declarat
488 2292 561 2358 God.
593 2292 829 2376 Ambrosianus,
856 2295 889 2360 iu
920 2317 997 2387 quo,
1022 2309 1099 2386 teste
1115 2293 1235 2382 Angelo
1253 2297 1351 2383 Majo,

318 2395 371 2461 bic
394 2419 501 2464 versus
524 2397 567 2461 ita
590 2395 717 2483 legitur:

362 2504 425 2568 Sed
446 2505 581 2568 mutuom
599 2524 715 2586 parere
736 2508 861 2572 uesoio:
884 2525 942 2571 uro
964 2509 1040 2590 quid
1060 2505 1153 2590 optim
1175 2507 1249 2570 surb.

319 2612 406 2696 cujus
416 2608 537 2673 Codicis
549 2631 738 2700 quamquam
754 2632 873 2674 summa
886 2623 933 2675 est
949 2611 1133 2690 auctoritas,
1144 2631 1235 2675 nemo
1247 2622 1350 2674 tamen

318 2711 445 2796 negabit
461 2709 543 2779 illud
560 2717 665 2779 uesoa‘o
680 2711 711 2777 h.
732 2710 752 2777 l.
770 2717 969 2777 invenustum
983 2734 1047 2778 esse
1058 2727 1089 2778 et
1102 2710 1351 2792 incommodum

318 2813 494 2881 verosimile
516 2817 676 2900 igiturest
697 2814 842 2882 Plautum
858 2817 1032 2908 scripsisse:

361 2924 424 2988 Sed
445 2923 579 2988 muttum
599 2944 713 3006 parere
734 2929 868 3007 uuquao,
890 2925 1043 3016 neuquid
1063 2923 1156 3008 upum
1177 2925 1249 2988 scie.

318 3027 406 3109 Quae
429 3024 522 3092 lectio
548 3049 621 3091 cum
639 3023 806 3091 verborum
827 3026 1068 3115 transpositione
1087 3042 1235 3119 corrupta
1252 3042 1348 3109 esset,

316 3130 544 3223 legereturque:
566 3152 700 3218 nequeo,
715 3151 772 3195 uua
783 3134 846 3197 scio
861 3134 937 3216 quid
953 3153 1055 3216 opum,
1069 3129 1349 3224 utramquelectio·

317 3260 389 3302 nem
407 3238 562 3330 peperisse
581 3236 682 3301 videri
699 3247 820 3325 potest,
850 3231 979 3300 alteram
1005 3257 1126 3316 errore,
1157 3235 1287 3304 alteram
1310 3259 1348 3303 ex

318 3340 422 3406 studio
444 3341 619 3426 corrigendi
642 3361 774 3404 versum.

317 3649 354 3713 ll.
381 3652 396 3712 1
423 3670 467 3714 vs.
492 3650 549 3714 38:

316 3757 422 3824 Nimis
437 3758 513 3824 bueo
528 3776 580 3822 res
598 3760 668 3822 siue
681 3761 756 3823 rura
771 3759 898 3842 peritur.
908 3757 980 3822 uide
990 3759 1207 3843 quamdudum
1218 3757 1268 3820 bio
1278 3755 1346 3820 usto

1196 3861 1345 3943 etpultot

313 3969 454 4035 Samoou
472 3985 600 4050 operatu
617 3969 722 4034 dotis?
741 3973 905 4054 superior,
920 3971 1005 4055 sores
1022 3991 1066 4034 uu
1084 3969 1180 4034 cubiti
1196 3989 1240 4032 ou
1249 3969 1347 4050 pedes

1120 4075 1195 4157 plus
1209 4075 1344 4138 uuleuut

211 4203 214 4216 ·
314 4173 451 4238 Primum
479 4175 697 4260 corrigendum
723 4181 821 4248 ‘credo
851 4203 888 4251 uu
908 4185 1022 4266 podem
1053 4178 1165 4248 deinde
1191 4179 1276 4269 quod
1304 4179 1345 4244 od
