3182 5014
836 585 874 646 16

336 785 427 849 aaut.
474 780 582 846 Fateor
608 798 732 844 servum
759 773 936 842 Plautinum
962 789 996 840 ut
1019 774 1116 854 alias,
1144 774 1187 839 ita
1210 773 1261 840 hic
1284 796 1362 862 quo-

336 908 397 976 que
422 886 523 976 minus
550 898 693 950 accurate
719 880 858 947 locutum
881 904 959 963 esse3
983 905 1055 946 nam
1086 903 1157 946 cum
1176 879 1237 944 hoc
1261 879 1364 945 dicere

337 993 368 1056 in
395 991 499 1056 animo
529 987 677 1054 haberet:
704 1013 721 1054 a
735 989 761 1054 si
785 991 905 1075 justum
937 986 981 1052 r'ei
1013 985 1167 1072 gerendae
1194 1000 1318 1076 tempus
1347 1007 1364 1048 e

337 1120 353 1158 u
365 1094 509 1162 manibus
527 1093 669 1185 elapsum
685 1092 813 1171 suerit,»
833 1093 933 1182 ipsam
952 1095 1147 1158 occasionem
1164 1093 1286 1180 posuit,
1305 1110 1363 1180 pro

336 1223 392 1280 re,
426 1223 523 1288 quum
549 1204 719 1286 perandum
748 1202 868 1266 occasio
898 1199 1072 1276 obtulerm,
1104 1197 1137 1260 in
1160 1222 1222 1288 qua
1244 1195 1364 1264 servilis

336 1305 485 1371 sermonis
517 1304 637 1368 incuria
667 1302 810 1393 equidem
833 1325 896 1368 non
922 1302 1071 1368 offendor.

381 1410 437 1478 Vir
464 1409 678 1488 doctissimus,
710 1412 798 1496 cujus
825 1433 918 1500 supra
941 1412 982 1476 ad
1008 1410 1122 1502 Amph.
1150 1412 1187 1480 V.
1220 1415 1247 1475 1.
1279 1411 1364 1477 vs'i

338 1516 397 1580 leci
423 1515 634 1594 mentionem,
664 1513 740 1579 haec
774 1513 907 1601 benigne
934 1516 973 1582 de
1005 1538 1060 1582 suo
1097 1515 1225 1603 adjecit:
1256 1515 1365 1583 »Fieri

337 1643 354 1683 »
372 1633 489 1709 potest,
519 1631 555 1681 ut
569 1614 706 1687 ,Plautus
726 1619 901 1708 scripserit:

381 1748 397 1788 u
410 1726 495 1790 Nam
516 1727 548 1790 si
568 1727 641 1790 nuic
663 1726 838 1790 occasionis
859 1734 981 1808 tempus
1004 1733 1072 1790 sese
1089 1728 1330 1792 subteradnerit.

382 1852 398 1893 u
414 1829 447 1893 Si
467 1839 592 1913 tempus
608 1831 798 1907 occasionis,
827 1841 948 1918 tempus
975 1830 1019 1894 rei
1036 1827 1115 1894 bene
1138 1830 1306 1914 gerendae,
1334 1852 1365 1895 se

339 1957 356 1998 u
373 1931 603 1998 subterduxerit
624 1931 699 1996 huic
720 1931 857 2012 Libano,
879 1931 1032 1998 Libanum
1051 1932 1209 2019 effugerit,
1231 1933 1286 2002 ille
1304 1933 1366 2000 hoc

338 2054 496 2128 »tempus
521 2052 629 2129 postea
655 2062 826 2130 numquam
856 2039 1069 2131 reprehendet.
1114 2041 1215 2107 Passis
1238 2041 1366 2107 reddere

338 2144 523 2210 »sententia
557 2143 637 2208 Livii
666 2145 769 2233 XXV:
801 2147 852 2209 38.
898 2147 934 2212 Si
964 2151 1000 2212 in
1033 2149 1207 2213 occasionis
1224 2165 1365 2212 momen-

339 2272 356 2313 »
370 2260 423 2328 to,
458 2250 551 2335 cujus
583 2255 795 2334 praeteruolat
819 2254 1054 2335 opportunitas,
1086 2262 1251 2319 cunctatus
1272 2255 1368 2336 paui-

339 2382 356 2423 »
372 2362 441 2426 ium
479 2360 600 2444 fueris,
644 2362 858 2444 nequidquam
901 2379 976 2423 moa
1021 2361 1174 2424 omissam
1214 2379 1364 2442 quaeras.

253 2521 256 2529 .
340 2465 514 2547 »Tempus
547 2484 638 2551 saepe
675 2461 758 2527 idem
799 2463 953 2548 significat
985 2477 1078 2552 atque
1116 2466 1245 2530 occasio.
1285 2485 1315 2528 v.
1340 2485 1365 2526 c.

339 2591 356 2631 ›>
372 2564 505 2631 Phaedri
521 2566 557 2634 V·
572 2569 607 2631 8.
624 2564 680 2630 ubi
707 2571 843 2651 Tempus
868 2582 931 2631 tam
950 2589 1082 2656 persona
1102 2581 1148 2631 est
1166 2589 1261 2656 quam
1270 2567 1366 2634 Oeca-

340 2696 356 2735 »
372 2677 427 2738 sic.
459 2671 569 2735 Graeci
587 2675 721 2756 jungunt
740 2676 846 2754 χρόνον
868 2687 899 2736 et
921 2675 1032 2756 auspic.
1079 2672 1126 2735 Ita
1142 2668 1269 2736 Plautus
1294 2672 1368 2736 scri·

340 2798 356 2838 u
374 2773 446 2839 bere
471 2774 636 2863 potuisset:
666 2780 696 2842 si
725 2786 849 2859 tempus
871 2787 905 2842 et
924 2781 1045 2844 occasio
1074 2799 1108 2843 se
1140 2780 1214 2844 nuic
1243 2779 1369 2845 subter-

340 2905 357 2944 »
372 2883 546 2954 duneriut;
567 2877 646 2943 dixit
667 2890 790 2964 tempus
812 2883 1012 2947 occasionis.'’
1046 2884 1134 2946 Hanc
1160 2905 1217 2968 ego
1242 2887 1369 2972 conjec-

339 3001 441 3051 turam
480 2981 575 3073 plane
609 2981 757 3073 probem,
799 2984 826 3048 si
860 2988 1031 3052 occasionis
1067 3002 1201 3075 quatuor
1233 2984 1369 3078 syllabas

341 3091 443 3156 metiri
455 3103 566 3180 potest.

727 3280 989 3290 ——---—-

384 3405 581 3470 stimi

385 3509 434 3572 Mn
449 3511 554 3576 Nimis
583 3511 785 3594 inoperimus.
817 3509 852 3572 Lt
874 3514 933 3576 cde
953 3513 1034 3577 milti
1048 3515 1157 3578 eodm!
1188 3512 1231 3576 Lu
1249 3516 1371 3580 saluere

388 3614 546 3680 Libanum
569 3615 738 3680 libertum!
756 3617 833 3700 jaim
854 3636 953 3681 manu
974 3621 1136 3684 emissus?
1237 3618 1374 3708 ‘passi

386 3719 427 3782 Ut
454 3732 536 3782 recte
558 3741 590 3784 se
610 3715 725 3783 babeat
746 3739 872 3784 caesura
899 3735 930 3784 et
944 3720 976 3784 in
998 3743 1124 3786 caesura
1138 3719 1258 3804 hiatus,
1280 3723 1370 3791 aliter

343 3846 379 3888 ac
399 3819 495 3908 vulgo
514 3821 569 3903 fit,
588 3821 673 3886 hunc
697 3820 802 3887 locum
828 3823 1081 3911 distinguendum
1100 3828 1230 3901 credo:¹
1311 3899 1313 3904 ,

382 3929 430 3994 Mt
451 3929 556 3995 Nimis
577 3929 816 4010 imperiosus'si.
839 3928 874 3992 Lt
889 3930 951 3996 Vde
963 3933 1067 3996 milti!
1082 3931 1125 3994 Lu
1134 3937 1239 4002 Hodie
1249 3939 1372 4002 saluere

386 4035 546 4100 Libanum
568 4035 737 4101 libertum?
745 4038 818 4122 jdm
827 4057 929 4104 manu
951 4048 998 4103 est
1019 4041 1177 4107 eucissus?
1274 4041 1373 4130 (jasa

344 4139 482 4230 Apparet
506 4139 749 4216 ironicamssesse
776 4141 954 4206 orationem.
1009 4143 1159 4210 Leonidas
1196 4143 1306 4224 herum
1340 4166 1372 4216 se
