3182 5014
521 1305 913 1406 tinctae.

603 1578 817 1600 *-

240 1747 278 1812 11.
304 1751 319 1810 1
347 1768 390 1811 vs.
416 1747 474 1810 16:

200 1851 250 1917 Ta
271 1855 339 1918 so'te
361 1871 506 1928 eaorere,
539 1850 620 1933 oete
639 1848 805 1932 perturbes
827 1849 905 1913 ete
927 1856 982 1914 teo
1004 1849 1230 1932 imprudentia.

197 1953 292 2018 Miror
308 1949 482 2040 Bentlejum
499 1949 708 2043 plurimorum
725 1951 869 2015 codicum
887 1948 1052 2016 lectionem
1068 1955 1232 2036 impedere*
1254 1991 1256 1995 ν

199 2063 244 2126 tia
270 2055 473 2124 'contemsisse
499 2079 575 2147 prae
604 2078 655 2136 ea,
682 2076 778 2146 quarn
811 2069 872 2120 tres
902 2052 976 2118 libri
1003 2051 1231 2144 praebuerunt:

198 2165 432 2246 imprudentia,
457 2164 542 2252 quod
565 2161 642 2227 mihi
665 2160 793 2253 quidem
813 2160 938 2226 videtur
961 2159 1080 2224 dictum
1099 2157 1233 2224 clemen⁴

200 2266 263 2331 tius
295 2289 312 2330 a
340 2289 412 2332 sene
440 2267 615 2333 iratissimo.
661 2267 763 2348 Quam
788 2265 872 2330 enim
897 2263 993 2329 modo
1023 2261 1079 2353 (vs.
1102 2261 1134 2350 t)
1157 2263 1231 2328 satis

199 2385 284 2436 certo
302 2394 334 2436 se
359 2372 437 2436 scire
459 2372 578 2437 dixerat
599 2375 730 2437 melitae
752 2393 820 2438 esse
842 2373 1044 2454 moetstrera,
1067 2369 1155 2454 cujus
1173 2389 1233 2457 pro

197 2475 288 2539 factis
307 2479 434 2542 nattam
447 2479 564 2542 dictem
577 2479 634 2541 etta
646 2479 777 2559 dienato
790 2474 918 2564 reperiri
929 2495 1020 2564 posse
1029 2471 1232 2537 contenderat

202 2581 259 2669 (vs.
283 2582 348 2666 12),
363 2579 390 2644 ei
411 2601 496 2644 nunc
518 2579 638 2646 nuliam
657 2578 784 2670 culpam
803 2579 1023 2670 exprobraret,
1044 2579 1097 2646 sed
1115 2579 1234 2669 impru-

201 2683 339 2749 dentiam
356 2690 503 2750 tantum?
524 2700 555 2751 et
574 2707 610 2750 eo
629 2684 726 2750 verbo
744 2708 816 2751 usus
836 2701 915 2752 esset
933 2707 1026 2752 senex
1034 2697 1232 2773 exasperatus

201 2789 242 2855 ad
255 2787 543 2881 exprobrationem,
562 2813 624 2881 quo
642 2791 710 2880 ipsa
726 2789 838 2856 mulier
856 2790 903 2855 uti
923 2790 1075 2881 potuisset
1086 2788 1126 2853 ad
1137 2811 1234 2854 excu-

199 2898 376 2966 sationem?
410 2899 488 2964 Nam
519 2913 601 2964 recte
633 2899 774 2966 Donatus
802 2898 883 2963 infra
914 2896 953 2961 ad
985 2893 1036 2964 lv.
1066 2897 1082 2958 1
1108 2916 1153 2959 vs.
1176 2894 1231 2957 18:

200 3007 447 3089 »imprudentia
464 3003 498 3068 in
515 3001 630 3069 delicto
648 3003 772 3068 veniam
788 3002 964 3093 frequenter
983 2999 1140 3066 extorsit.’'
1161 2995 1241 3062 Noli·

202 3103 361 3185 dubitare,
396 3104 472 3196 quin
499 3125 610 3171 verum
635 3108 675 3172 sit
692 3112 898 3194 impudentia.
922 3109 1022 3172 Senex
1043 3105 1144 3183 enim,
1170 3124 1235 3195 quo

200 3210 298 3294 magis
319 3209 351 3273 in
372 3208 582 3274 'conviciando
594 3209 811 3299 progreditur,
830 3231 867 3274 eo
878 3211 995 3297 magis,
1012 3227 1046 3277 nt
1057 3211 1101 3289 fit,
1109 3228 1235 3296 exaspe-

202 3328 305 3394 ratur,
337 3328 368 3378 et
398 3314 431 3378 in
463 3329 597 3379 extrema
628 3314 768 3379 oratione
797 3314 898 3379 utitur
929 3337 1007 3383 voce
1033 3312 1130 3408 paulo
1152 3334 1236 3379 acer·

201 3417 300 3497 biori,
324 3433 359 3483 nt
375 3416 429 3498 iis,
448 3442 528 3510 quae
544 3420 681 3499 dixerat,
700 3415 790 3510 quasi
808 3419 968 3486 cumulum
988 3422 1143 3510 adjiceret.
1164 3418 1235 3483 Mox

203 3544 327 3614 quoque
347 3544 442 3588 versu
462 3526 503 3587 32
526 3544 654 3589 uxorem
675 3537 780 3613 aperte
800 3527 912 3608 talpae
933 3524 1111 3604 insimulat,
1132 3537 1236 3611 rogat·

202 3627 310 3719 quein
334 3648 427 3692 versu
448 3630 506 3708 34,
530 3651 570 3694 an
591 3651 654 3694 non
673 3633 795 3714 podeot
809 3648 881 3692 cum
899 3629 1007 3720 puella
1025 3651 1120 3698 anum
1135 3649 1236 3696 susce·

202 3734 284 3825 pisse
302 3732 501 3814 inimicitias3
526 3730 588 3796 hoc
612 3752 686 3816 ergo
702 3753 741 3796 ex
757 3731 909 3796 sententia
928 3734 1069 3802 Lachetis
1088 3748 1154 3801 erat
1176 3735 1237 3797 im·

202 3838 363 3930 pudentia.
395 3838 436 3904 At
458 3839 541 3905 enim
558 3862 576 3903 »
588 3842 785 3924 impudentia
806 3859 869 3904 non
888 3853 933 3904 est
947 3836 1077 3904 hnmani
1094 3840 1155 3907 viri
1167 3840 1237 3905 dic-

203 3967 220 4008 »
233 3957 301 4008 turn
327 3965 400 4029 erga
431 3941 587 4009 uxorem.”
628 3941 730 4024 Quam
754 3963 831 4007 vero
857 3940 994 4010 humane
1016 3943 1133 4011 Laches
1153 3942 1238 4009 infra

203 4070 249 4114 vs.
277 4051 319 4112 36
343 4047 384 4113 ad
407 4048 547 4114 eamdem
569 4068 712 4113 uxorem:

204 4152 253 4217 De
273 4155 445 4238 tequidem
462 4190 506 4202 -
522 4155 679 4238 peccando
701 4153 882 4221 detrimenti
898 4157 947 4220 ait
965 4155 1039 4240 fieri
1050 4162 1172 4239 potest!

206 4277 340 4344 quocum
363 4257 402 4324 cf.
416 4280 461 4324 vs.
483 4261 521 4323 41
541 4247 617 4349 sqq,
634 4258 667 4323 in
689 4257 803 4349 quibus
823 4283 896 4328 sane
913 4257 1002 4334 nulla
1021 4262 1235 4346 tmprttderttt‘e
