3182 5014
811 599 853 662 88

245 839 247 844 .
306 785 366 854 111.
391 789 406 853 1
433 812 481 856 vs.
508 791 550 856 72
574 813 618 883 sq.
1234 855 1236 862 .

404 898 565 978 Quantam
580 898 623 964 stt
633 896 859 982 [caestromod
869 896 1043 979 nequitiam
1050 895 1276 981 patefecerim

308 1043 310 1050 ι
405 1003 476 1068 Tetra·
496 1007 602 1068 netem
617 1021 712 1087 porro
730 1011 768 1068 ot
787 1004 853 1068 nde
871 1004 913 1068 sit
931 1022 1030 1068 senec
1048 1001 1173 1067 eluere:

402 1125 480 1170 aom
498 1109 666 1172 deteriores
682 1109 792 1172 omnes
811 1127 923 1172 somus
949 1108 1083 1172 luentia.
1155 1151 1158 1156 -
1260 1147 1263 1156 ·

313 1205 351 1271 In
382 1230 474 1274 versu
504 1209 608 1300 primo
631 1207 789 1297 Bentlejus
812 1208 942 1276 inseruit
967 1232 1057 1299 pron.
1081 1212 1142 1286 ee'a';
1176 1212 1351 1299 fenestram

312 1311 473 1380 'contracte
494 1313 720 1405 pronuntiabat
744 1318 894 1401 fastuum,
917 1326 953 1377 ut
973 1334 1093 1402 semper
1115 1309 1252 1379 Plautus.
1288 1313 1349 1380 Sed

314 1438 378 1482 non
403 1419 496 1484 credo
524 1432 711 1485 correctores
732 1416 836 1482 versui
853 1417 996 1482 timentes
1018 1416 1141 1502 ejecisse
1165 1420 1224 1498 eii3
1251 1417 1350 1508 scrip-

313 1523 424 1589 sissent
437 1525 543 1614 potius
558 1529 590 1592 ee·
606 1545 667 1587 una
679 1518 816 1612 syllaba:
832 1534 863 1585 et
881 1520 926 1585 ita
946 1540 1070 1611 quoque
1084 1517 1244 1586 Terentius
1253 1517 1351 1610 scrip-

313 1627 388 1693 sisse
419 1641 543 1718 potest;
575 1649 649 1692 nam
676 1623 750 1690 licet
773 1620 901 1688 Plautus
930 1636 977 1688 ter
1008 1623 1213 1706 contraxerit,
1243 1625 1349 1715 potuit

314 1743 418 1796 tamen
448 1731 608 1798 Terentius
631 1729 802 1816 legitimam
828 1729 914 1820 sequi
936 1729 1242 1818 pronuntiationem
1267 1728 1350 1796 illud

310 1838 445 1924 fetuum
459 1835 511 1903 vel
525 1841 700 1925 fenestram,
720 1836 849 1900 sortasse
864 1831 966 1924 plebis
980 1835 1042 1900 fuir
1057 1836 1155 1924 magis
1177 1860 1273 1928 quam
1291 1837 1349 1903 h'o-

313 1942 486 2008 nestiorum
504 1943 629 2008 civium.
674 1941 735 2006 Sed
754 1939 815 2004 hoc
835 1940 982 2005 incertius
1006 1955 1059 2006 est.
1090 1943 1227 2032 Sequens
1245 1957 1349 2009 autem

314 2066 423 2112 versus
436 2043 518 2112 male
535 2068 584 2111 me
599 2044 702 2112 habet.
747 2043 904 2111 Particula
930 2056 968 2112 et
986 2043 1017 2110 h.
1039 2041 1060 2110 l.
1079 2042 1160 2109 nihil
1180 2042 1350 2112 aliudesse

314 2164 435 2241 potest,
467 2173 561 2244 quam
581 2150 761 2239 conjunctio
787 2147 920 2216 causalis
946 2171 1006 2240 pro
1033 2153 1078 2215 ito
1099 2161 1154 2232 ut3
1177 2150 1221 2214 sic
1246 2164 1350 2217 tamen

313 2255 470 2347 explicare
486 2279 605 2350 nequeo
625 2255 705 2323 illud
726 2265 840 2322 eutem.
864 2256 989 2321 Dixerat
1008 2278 1065 2347 per
1076 2255 1349 2323 exclamationem:

317 2361 478 2442 Quantam
499 2366 531 2429 ei
545 2364 720 2450 fenestram
743 2363 948 2450 patefeceris!
979 2361 1213 2452 Exspectaveris
1242 2362 1350 2428 eodem

314 2464 409 2529 modo
429 2465 536 2556 pergi:
559 2467 616 2532 titt
642 2475 749 2530 eutem
765 2483 860 2548 porro
879 2467 944 2529 uite
963 2486 1060 2550 quom
1085 2476 1195 2533 monet
1212 2469 1350 2533 misero!

315 2564 368 2632 sel
390 2566 491 2634 simile
516 2567 602 2659 quid.
646 2566 750 2634 Nolim
767 2581 871 2633 tamen
891 2565 944 2632 hic
969 2567 1119 2634 scribere:
1154 2571 1225 2636 Tibi
1243 2574 1351 2636 etitem

312 2692 408 2758 porro
436 2682 474 2739 et
499 2676 564 2739 ada
585 2677 646 2739 erit
672 2695 771 2740 reove
791 2676 918 2738 clueret
965 2672 1044 2736 Nem
1061 2671 1106 2736 sic
1126 2668 1255 2736 mirifice
1278 2669 1352 2738 lan-

315 2789 388 2861 guet
414 2773 495 2840 illud
530 2796 711 2843 eoa-saeue
740 2778 990 2866 promiseram,
1028 2776 1107 2845 Vide
1131 2775 1224 2841 etiam
1256 2797 1351 2866 quem

316 2895 400 2946 arcte
427 2879 613 2946 cohaereant
633 2903 678 2946 vs.
700 2881 821 2972 primus
841 2893 872 2944 et
889 2879 1021 2961 tertius,
1045 2902 1179 2973 quorum
1202 2876 1255 2942 hic
1274 2901 1351 2944 cau-

308 3006 384 3076 ¹sam
409 2982 496 3052 illius
523 2987 661 3052 continet
691 2999 723 3051 et
744 2983 993 3079 explicationem.
1038 2986 1225 3077 interposito
1245 2999 1350 3050 autem

233 3144 234 3148 ,
316 3113 409 3158 versu
439 3091 559 3173 medio,
588 3088 743 3182 particula
769 3087 823 3155 illa
855 3086 987 3158 causalis
1008 3089 1107 3180 (eaeo)
1141 3113 1205 3155 non
1238 3089 1350 3174 habet,

318 3219 382 3288 quo
400 3212 473 3289 apte
502 3197 657 3264 referatur.
693 3196 833 3283 Denique
850 3195 884 3260 in
903 3219 951 3261 vs.
978 3199 1018 3260 77
1041 3195 1166 3261 demum
1187 3194 1289 3262 alilio
1310 3197 1351 3262 ed

317 3314 439 3391 patrem
462 3303 573 3368 transit
595 3301 702 3369 oratio.
748 3299 882 3370 Videant
909 3301 1006 3386 igitur
1031 3299 1103 3381 alii,
1120 3315 1226 3367 utrum
1244 3324 1351 3368 versus

318 3407 395 3474 iste:
427 3410 497 3474 tibix
511 3418 618 3475 aetem
652 3419 698 3474 etc
720 3405 871 3473 delendus
893 3406 934 3472 sit
955 3406 1112 3498 (equidem
1132 3404 1243 3473 lubens
1266 3406 1350 3474 dele-

316 3509 441 3600 verim),
473 3535 514 3576 an
544 3516 721 3601 conjecture
751 3511 916 3578 sanandus.
960 3515 1031 3578 lllox
1050 3535 1094 3578 vs.
1120 3515 1160 3578 77
1183 3510 1350 3599 legendum

316 3614 456 3683 videtur:
483 3619 532 3683 Te
552 3629 583 3684 et
598 3627 665 3684 rem
690 3621 795 3702 perire
811 3628 843 3684 et
862 3621 968 3701 iprum
987 3639 1053 3685 eoa
1067 3621 1186 3704 poteris
1197 3623 1275 3705 poti.
1357 3698 1359 3703 ,

713 3821 953 3830 uno—————-

317 3926 370 3994 tv.
394 3929 415 3991 3
439 3949 482 3993 vs.
508 3931 567 3994 44:

314 4029 389 4117 A¹9e
409 4055 481 4120 oye,
501 4039 684 4103 traducetur
699 4037 838 4103 Boeotis
851 4038 897 4103 St.
920 4037 1072 4124 Optume,
1094 4036 1350 4120 ipso‘cae'tsoros

314 4135 349 4202 ln
377 4140 453 4206 rucis
481 4140 670 4208 editionibus
704 4140 849 4208 omnibus
874 4143 1076 4228 distinguitur
1102 4154 1174 4231 post
1202 4149 1349 4225 optumas
