3182 5014
738 641 779 702 ll

237 827 378 907 iaciens,
409 829 554 896 simulata
586 833 750 907 iracundia
794 837 825 898 in
863 833 1014 901 Libanum
1050 833 1272 907 debacchatur.

237 932 423 1014 »Quidhoc
436 936 479 1000 rei
498 937 590 1002 est?'’
614 939 718 1028 inquit
742 962 759 1003 u
775 941 859 1005 itane
876 963 932 1024 ego
950 964 968 1005 a
990 964 1080 1006 servo
1100 965 1168 1008 meo
1193 965 1273 1008 con*
1300 844 1366 1050 χ

237 1036 409 1101 aternnor?
448 1063 524 1105 num
555 1066 612 1126 ego
648 1044 777 1110 sortasse
809 1044 963 1110 Libanum
994 1045 1089 1113 hodie
1122 1045 1270 1114 libertum
1344 1031 1345 1036 ἵ

236 1139 430 1210 scalatum?
452 1168 528 1210 num
549 1144 702 1214 libertatis
722 1172 791 1214 eum
804 1153 871 1237 jam
895 1152 955 1216 leci
978 1154 1180 1242 compotem?
1203 1154 1270 1219 Hoc

235 1246 324 1311 uerit
348 1270 404 1322 cur
429 1271 493 1314 uon
525 1253 675 1318 venerit.'’
719 1253 905 1320 Offendebat
939 1278 1080 1346 quoque:
1112 1279 1170 1324 roe
1191 1259 1272 1324 milti

236 1355 350 1420 toute!
370 1371 502 1445 propter
529 1354 697 1424 locationis
730 1359 937 1426 insolentiam.

602 1561 864 1572 -ι-υ--οκ-η-

273 1669 314 1735 Π,
332 1671 354 1734 4
373 1690 419 1734 vs.
444 1672 496 1736 65.

274 1777 362 1840 Molo
381 1775 485 1842 hercle
500 1778 575 1863 jam
595 1796 709 1861 maone
726 1787 779 1844 tao
802 1798 889 1845 nano
905 1779 961 1846 isti
976 1803 1034 1848 aar
1050 1793 1135 1850 racto
1152 1783 1237 1851 dicis.

232 1876 292 1944 Pro
307 1898 395 1944 auno
420 1877 506 1968 quod
524 1900 649 1945 versum
667 1882 858 1972 corrumpit,
879 1884 1067 1952 novissimus
1083 1885 1187 1954 Plauti
1202 1887 1270 1954 edi·

230 1995 281 2047 tor
305 1983 430 2073 scripsit
460 2006 531 2052 »ac
557 1986 577 2050 i.
594 2007 619 2049 e.
642 1985 745 2066 rtae;'’
775 2010 949 2078 perperam.
995 1990 1152 2056 Particula
1188 1991 1265 2060 haec

229 2101 360 2177 propter
376 2111 462 2168 eam,
479 2111 573 2180 quam
596 2104 735 2170 exercet,
759 2092 834 2172 vim,
849 2092 881 2158 in
894 2093 985 2158 initio
1002 2096 1172 2161 sententiae
1187 2099 1273 2186 poni

229 2189 317 2257 solet.
362 2192 517 2280 Adjiciam
546 2193 619 2274 hic,
636 2217 715 2287 quae
748 2195 786 2261 de
806 2219 865 2262 usu
886 2197 980 2286 hujus
1002 2197 1175 2289 particulae
1185 2200 1265 2266 dixit

228 2299 362 2363 Faernus
371 2297 410 2362 ad
418 2298 537 2364 Terent.
547 2299 643 2364 Andr.
654 2298 734 2390 prol.
745 2323 789 2366 vs.
798 2304 847 2366 17:
856 2301 1036 2367 »Caeterum
1046 2304 1132 2393 quod
1142 2303 1264 2370 Donato

229 2400 367 2468 amelius
385 2403 523 2484 videtur,
547 2427 589 2471 ae
602 2427 661 2495 pro
683 2409 775 2471 valde
787 2405 898 2494 accipi,
911 2407 1107 2472 considerent
1119 2407 1268 2502 obserua-¹

228 2517 340 2573 »tores
359 2505 484 2592 linguae
494 2506 619 2586 latinae,
639 2529 677 2571 aa
690 2529 725 2572 ea
736 2506 902 2598 particula,
912 2509 943 2573 in
952 2507 1012 2574 hac
1021 2511 1089 2600 ipsa
1105 2512 1263 2597 significa*

228 2637 245 2694 p
256 2613 351 2694 tione,
376 2614 520 2705 usurpari
539 2613 657 2703 possit,
678 2613 748 2678 sine
768 2611 899 2701 alicujus
926 2615 1126 2701 adjunctione
1142 2641 1263 2709 prono*

228 2744 244 2784 a
257 2719 373 2799 minis,
393 2741 466 2782 nam
479 2732 510 2782 et
526 2719 559 2782 in
578 2715 727 2806 exemplis
747 2717 894 2781 allonato
916 2718 1077 2801 adductis,
1098 2736 1128 2788 et
1151 2724 1184 2788 in
1207 2725 1261 2802 iis,

226 2847 243 2888 n
257 2846 336 2915 quae
354 2843 412 2888 uos
429 2821 681 2902 observavimus,
712 2820 789 2887 haec
811 2822 968 2912 particula
990 2843 1063 2917 post
1081 2851 1113 2894 se
1132 2827 1261 2920 aliquod

226 2928 351 3004 »habet
386 2949 577 3020 pronomen:
603 2940 658 3005 ut,
696 2947 737 2992 no
767 2929 822 2992 isti
855 2930 1056 3022 vehementer
1085 2944 1205 3011 errent,
1229 2946 1260 2996 et

226 3057 296 3104 »oc
313 3041 374 3104 isto
390 3040 478 3103 houd
507 3053 639 3100 mecam·
656 3032 782 3098 reatit.'’
816 3033 898 3097 Haec
919 3031 994 3114 ille;
1013 3057 1148 3124 quocum
1176 3035 1257 3100 cic.

225 3141 264 3206 G.
291 3141 406 3231 Zumpt
439 3139 609 3205 Grammat.
646 3138 752 3224 Lat.§
781 3141 862 3204 360:
896 3153 926 3204 et
955 3162 1030 3207 sane
1058 3141 1258 3206 usitatissima

224 3245 301 3312 haec
320 3261 367 3313 est
391 3246 587 3338 pronominis
618 3245 778 3331 adjunctio
790 3267 798 3325 ;
818 3245 1011 3337 ‘quamquam
1040 3259 1146 3312 noster
1167 3246 1255 3312 Tria.
1328 3279 1329 3282 ¹

223 3353 246 3418 1.
262 3357 289 3417 1.
304 3374 349 3418 vs.
365 3357 401 3432 1,
424 3374 487 3418 nne
503 3355 643 3418 amiram
660 3354 814 3434 cestianae
825 3352 863 3416 oh
878 3355 1024 3417 meritam
1036 3355 1168 3417 noriam
1180 3402 1189 3430 ,
1201 3355 1258 3418 im·

223 3479 321 3526 niune
335 3469 383 3524 cst
395 3461 540 3546 [aarum
564 3478 644 3546 quae
660 3452 754 3520 lectio
777 3468 905 3518 nonest
927 3451 1134 3521 sollicitanda.
1156 3457 1256 3522 Minus

223 3577 305 3628 recte
329 3576 449 3639 autem,
483 3583 532 3624 mc
556 3559 683 3647 judice,
717 3561 819 3649 pergit
857 3557 940 3625 idem
975 3561 1124 3626 Faernus:
1167 3584 1256 3628 »nec

223 3689 438 3757 »quemquam
464 3664 555 3731 sallat
589 3664 765 3756 exemplum
803 3664 915 3732 Lucilii
946 3667 1028 3733 infre
1064 3668 1104 3734 ab
1133 3669 1255 3734 Donato

222 3801 239 3842 >r
252 3776 439 3857 adductum,
454 3781 541 3844 acin
555 3778 749 3846 arcedonem
768 3778 920 3860 discerpet
935 3775 1119 3860 mundifica.
1138 3780 1251 3859 inquit.

221 3885 345 3963 »Nam,
362 3905 403 3949 nc
422 3885 562 3966 noemia
575 3903 648 3948 orco
670 3903 708 3946 cx
730 3878 819 3945 libris
842 3880 966 3970 scriptis
989 3879 1155 3964 legendum
1180 3876 1254 3945 cst.''

221 3989 336 4057 Vereor
367 3988 450 4052 enim
470 4008 676 4076 magnopere,
709 3997 745 4048 ut
765 3999 838 4073 post
871 3981 955 4048 illud
987 4007 1065 4062 aec,
1086 3981 1254 4049 relativum

220 4117 393 4185 pronomen
432 4090 536 4158 locum
565 4089 680 4155 habere
716 4088 838 4179 possit3
876 4089 959 4154 istud
995 4086 1173 4178 exemplum
1216 4113 1254 4154 ex

218 4199 339 4266 Lucilio
357 4199 527 4266 adductum
539 4196 582 4261 ita
598 4195 720 4261 demum
736 4208 817 4259 recte
834 4216 865 4258 se
882 4191 1032 4272 habetet„
1045 4193 1077 4256 ni
1104 4191 1206 4272 fallor,
1225 4193 1252 4272 si

1006 4339 1007 4342 ¹
1101 4305 1120 4364 2
