3182 5014
807 619 849 680 st

302 813 376 878 vide
403 809 502 878 Bentl.
530 810 702 878 Particulae
723 823 770 890 et,
793 821 850 877 oet
871 808 902 874 in
927 810 997 876 Mss.
1022 810 1178 876 interdum
1200 809 1331 874 confun-

304 921 430 984 duntur.
459 917 498 983 cf.
528 916 630 983 Bentl.
663 918 702 983 ad
731 919 802 982 Hor.
824 917 887 980 Sat.
909 915 986 981 Π.3
1011 939 1064 1013 vs.x
1078 918 1166 982 216.-
1195 917 1331 982 Pertinet

297 1039 403 1089 autem
435 1020 486 1086 hic
514 1044 621 1088 versus
649 1023 689 1088 ad
711 1043 775 1101 eos,
803 1021 857 1110 qui
887 1021 1008 1085 actione
1028 1035 1058 1086 et
1076 1023 1331 1112 pronuntiatione

302 1141 392 1194 erant
414 1125 595 1212 adjuvandi.
741 1126 745 1136 “

718 1313 921 1324 ...----—-......

301 1423 384 1488 Prot.
411 1447 455 1489 vs.
480 1427 539 1489 38:

345 1529 532 1595 Parasitum
554 1532 699 1606 edacem,
725 1533 894 1614 ploriosam
913 1534 1056 1598 mititem.

300 1632 358 1696 Hic
381 1633 658 1699 versussententiae
681 1635 789 1700 seriem
813 1634 939 1702 turbare
961 1651 992 1700 et
1020 1658 1218 1728 corrumpere
1244 1637 1330 1702 vide·

302 1749 370 1816 tur3
392 1737 425 1801 id
448 1738 552 1828 ipsum
570 1737 652 1802 enim
678 1738 821 1803 Terentio
842 1737 997 1827 objecerat
1016 1740 1225 1819 adversarius,
1245 1739 1330 1831 quod

298 1847 436 1926 parasiti
456 1859 487 1909 et
512 1847 626 1910 entitas
643 1865 808 1932 personam
830 1845 965 1911 aveteri
987 1851 1081 1936 poeta
1106 1845 1227 1912 iuratus
1249 1860 1327 1911 erat.

303 1949 461 2013 Sententia
483 1951 527 2013 ita
549 1946 707 2014 cohaeret:
730 1949 861 2014 Luscius
880 1949 960 2014 dixit
981 1972 1030 2014 me
1051 1948 1341 2041 11111115111111111111-Ι

303 2052 343 2116 tis
365 2075 530 2142 personam
549 2077 567 2118 a
585 2052 696 2119 Plauto
719 2051 897 2135 abstulisse;
918 2053 966 2118 fao
989 2053 1033 2117 ita
1053 2075 1128 2120 esse.
1161 2054 1246 2135 Quid
1261 2069 1340 2130 tum

302 2163 430 2246 postea?
474 2158 555 2223 Num
586 2156 646 2224 hoo
675 2159 755 2224 vitio
788 2157 865 2222 mihi
894 2163 1054 2223 vertetur?
1101 2159 1192 2224 Haud
1222 2157 1330 2225 licebit

303 2263 398 2347 igitur
421 2279 555 2329 caeteras
580 2284 703 2354 quoque
725 2283 872 2351 personas
894 2263 1027 2328 comicas
1051 2285 1069 2327 a
1090 2262 1247 2330 veteribus
1261 2267 1329 2352 jam

303 2382 468 2458 usurpatas
494 2370 596 2434 denuo
620 2367 781 2448 inducere,
810 2391 914 2435 servos
944 2384 1117 2450 currentes,
1148 2368 1246 2436 bonas
1264 2394 1330 2435 ma·

303 2489 423 2555 monas,
445 2476 619 2540 meretrices
640 2471 737 2539 malas
755 2488 811 2538 etc.
843 2474 936 2542 Vides
955 2475 1060 2564 inepte
1078 2474 1129 2538 hic
1149 2474 1216 2540 fieri
1233 2497 1329 2564 para-

304 2579 355 2643 siti
384 2594 414 2644 et
441 2579 548 2645 militis
571 2580 773 2658 mentionem,
795 2578 835 2642 ad
857 2601 990 2669 quornm
1009 2578 1186 2670 exemplum
1208 2576 1328 2670 reliqna

304 2683 407 2768 exigit.
453 2683 593 2750 offendit
629 2705 752 2774 quoque
787 2679 933 2747 nonnihil
970 2706 1116 2750 numerus
1146 2681 1328 2768 singularis,

305 2810 377 2852 cum
396 2809 516 2866 savos,
536 2800 698 2857 matrones
716 2805 747 2855 et
764 2795 943 2858 meretrices
959 2787 1078 2880 plurali
1087 2810 1217 2853 numero
1230 2787 1340 2854 dixis.

302 2905 360 2962 set.
391 2892 459 2955 Non
484 2905 586 2955 tamen
609 2891 708 2955 ausim
730 2889 814 2955 hunc
837 2913 962 2957 versum
984 2907 1070 2960 textu
1091 2915 1231 2973 movere,
1254 2916 1326 2958 cum
1380 2957 1382 2962 ,

302 3020 366 3062 non
399 2997 473 3063 satis
503 3010 651 3087 appareat
679 2994 890 3086 interpolandi
918 3020 1028 3080 causa;
1058 2998 1118 3064 nisi
1145 2999 1230 3064 dieas
1260 2997 1328 3064 for-

303 3118 382 3169 tasse
410 3127 448 3169 ex
477 3104 586 3168 Heaut.
616 3099 696 3192 prol.
719 3126 767 3168 vs.
794 3105 835 3167 38
855 3108 1040 3190 parasitum}
1055 3108 1181 3171 edacem
1202 3101 1327 3166 desum-

298 3211 375 3275 sisse
396 3209 575 3288 librarium,
598 3207 710 3274 deinde
731 3229 768 3272 ex
790 3205 850 3273 hoo
872 3205 1004 3299 prologo
1027 3208 1084 3298 (vs.
1108 3205 1161 3296 31)
1181 3207 1327 3295 adjecisse

299 3319 433 3383 militem
458 3320 635 3402 alariarum.
