3182 5014
734 624 775 686 27

242 813 294 896 Sic
320 835 443 894 omnes,
465 814 500 880 ni
526 811 640 896 fallor,
660 814 751 897 libri,
777 818 914 882 numeris
954 817 1134 884 durissimis.
1188 812 1271 904 Ego,

242 932 368 1006 ruutato
392 917 559 986 verborum
574 921 697 1000 ordine,
718 921 883 1008 legendum
904 911 1053 1010 conjicio:

274 1025 404 1111 A‘teyo
423 1035 454 1092 to
473 1028 627 1112 rnojorem
647 1032 735 1094 video
760 1020 877 1117 mdjor.
908 1030 997 1106 ‚Hem
1019 1034 1150 1095 ransom
1168 1031 1246 1096 tibi!
1272 1099 1275 1107 ,

243 1129 298 1220 qui
328 1130 406 1195 ordo
438 1145 469 1195 et
502 1129 673 1216 elegantior
700 1148 766 1214 est,
796 1133 955 1224 magisque
980 1131 1096 1198 latinus
1124 1134 1186 1223 (cf.
1203 1156 1227 1199 e.
1245 1159 1274 1220 g.

242 1234 355 1327 Amph.
374 1237 413 1302 11.
439 1240 454 1300 1
481 1259 526 1304 vs.
546 1241 605 1303 77:
632 1241 816 1325 vigilantem
845 1241 900 1306 illc
920 1246 976 1305 me
983 1241 1178 1325 jamdudum
1199 1242 1276 1324 aigi·

243 1343 317 1414 lons
342 1346 460 1427 pugnis
480 1346 627 1419 cdatoda't.
671 1344 756 1410 Asin.
777 1344 830 1408 111.
853 1345 872 1407 2
899 1364 944 1408 vs.
975 1345 1014 1406 41
1044 1345 1276 1410 locrumdutcus

243 1449 467 1522 lactorensis
489 1445 683 1536 lacrumans)
707 1462 738 1514 et
758 1467 883 1514 versu-m
904 1446 1009 1512 reddit
1041 1443 1141 1511 multo
1168 1469 1276 1532 nume·

243 1551 410 1633 maiorem,
442 1537 569 1620 reducta
605 1550 762 1640 legitima
785 1575 927 1633 caesura,
968 1553 1147 1646 evitatoque
1173 1552 1272 1620 hiatu.

243 1658 373 1725 Accedit
404 1661 490 1750 quod
514 1658 622 1725 eodem
649 1659 759 1724 ordine
781 1655 1020 1748 Aristophontes
1040 1647 1275 1740 dindratuersu

242 1762 455 1851 praecedenti:
470 1768 608 1848 warum
627 1775 658 1832 te
675 1765 764 1831 uideo
780 1784 880 1849 puer,
897 1783 990 1852 quem
1008 1761 1151 1826 ordinem
1164 1747 1276 1848 jocans

243 1866 385 1932 imitatur
419 1867 590 1956 Tyndarus.

631 2051 862 2066 Q

285 2181 337 2246 111.
356 2183 385 2247 4.
404 2203 450 2246 vs.
462 2182 555 2246 :1222

327 2272 508 2338 ttucctscm
528 2271 645 2349 oculei,
669 2272 797 2356 religant
814 2272 943 2356 pignori
955 2269 1134 2355 putdmiua.

284 2370 466 2461 subjectum
486 2384 540 2446 τοῦ
564 2379 692 2462 reliquit
714 2375 808 2440 nimis
826 2389 979 2444 remotum
999 2374 1106 2456 est3in
1118 2371 1277 2466 plerisque

242 2493 365 2560 autem,
384 2480 483 2572 iisque
507 2481 635 2572 optimis
653 2479 815 2546 codicibus
833 2476 947 2565 legitur
966 2483 1098 2566 reliqui,
1121 2478 1207 2570 quod
1224 2502 1273 2546 re-

242 2587 327 2680 cepit
353 2587 579 2667 Lindemanus,
611 2608 668 2672 ego
700 2608 764 2652 non
797 2583 948 2671 intelligo.
993 2585 1055 2651 Sed
1074 2607 1155 2650 unus
1174 2586 1274 2652 codex

241 2689 376 2784 Guelph.
394 2689 490 2760 habet
506 2697 567 2759 reli
584 2689 652 2782 (sic)
674 2689 787 2757 lacunai
805 2688 924 2768 relicti.
977 2692 1075 2757 Credo
1100 2693 1274 2782 antiquitus

239 2799 392 2889 scripturn
414 2797 507 2863 fuisse
525 2803 603 2878 reti,
619 2798 703 2863 unde
718 2795 914 2864 efficiendum
932 2803 1073 2879 retinui,
1089 2820 1181 2864 sensu
1199 2821 1275 2888 per-

240 2903 350 2994 spicuo
369 2916 412 2968 et
440 2900 608 2969 luculento.
653 2904 798 2969 Servavit
819 2903 901 2970 hauc
925 2905 1110 2994 scripturam
1134 2904 1274 2970 Donatus

240 3009 282 3075 ad
303 3011 369 3076 Ter.
390 3008 449 3074 Ad.
474 3009 515 3078 V.
530 3011 550 3074 3
568 3029 614 3074 vs.
636 3009 686 3076 10.

284 3419 336 3486 ΙΙΙ.
362 3424 381 3485 5
404 3442 449 3486 vs.
474 3423 525 3485 24.

333 3628 422 3693 Dum
443 3645 485 3692 ac
504 3627 727 3712 concalefacta
744 3643 894 3708 percum,
913 3624 1008 3706 porci
1027 3622 1168 3686 aestimo.

284 3733 341 3797 Hic
364 3755 471 3798 versus
490 3729 590 3804 multo
611 3717 722 3794 melius'
744 3725 908 3792 cohaerere
921 3793 923 3797 .
938 3724 1064 3790 videtur
1084 3745 1155 3792 cum
1176 3743 1271 3812 prae*

241 3839 386 3918 cedente,
411 3841 439 3905 si
470 3853 543 3928 post
565 3840 735 3924 malefacto
762 3835 980 3919 distinguatur.
1025 3829 1142 3894 Deinde
1166 3849 1204 3891 ex
1229 3823 1272 3890 li-

240 3945 304 4017 bris
326 3945 514 4037 quibusdam
544 3942 741 4009 inserendum
762 3941 856 4006 credo
883 3958 1056 4029 pronomen
1079 3939 1140 4002 ut:

283 4053 371 4118 Dum
393 4073 435 4119 ne
457 4053 496 4117 ab
516 4051 707 4136 'malefacto
731 4054 887 4132 percaute
903 4045 997 4128 parvi
1017 4044 1051 4106 id
1077 4047 1227 4104 cesterna.

240 4157 316 4223 Cum
346 4157 514 4236 maximum
553 4154 584 4221 ei
606 4153 778 4220 cruciatum
806 4149 939 4236 minatus
972 4161 1049 4216 esset
1078 4144 1189 4229 Hegio,
1223 4147 1274 4216 uel
