3182 5014
725 663 756 742 '3

232 893 292 962 pro
314 887 377 936 ειη
402 872 530 938 minima
555 871 727 938 mutatione
746 871 845 958 legere
867 891 938 954 sntt,
964 897 1025 967 quo
1044 876 1127 944 facto
1147 894 1254 946 etsen-
1295 857 1299 864 ²

232 999 283 1042 sus
309 990 339 1041 et
371 998 488 1042 versus
513 991 700 1042 sustentatur
727 977 854 1062 egregie.
898 978 976 1042 Nam
1004 978 1090 1070 quod
1120 981 1160 1046 ad
1186 1005 1254 1049 sen-

231 1103 301 1147 sum
330 1079 465 1161 adtinet,
499 1104 536 1148 ex
557 1104 649 1148 versu
670 1082 868 1173 praecedenti
891 1081 983 1148 facile
1003 1085 1190 1170 cogitatione
1207 1109 1254 1153 re·

230 1200 318 1277 petas
340 1182 471 1252 verbum
482 1191 545 1268 eit3
572 1210 679 1254 versus
699 1202 801 1252 autem
819 1188 851 1251 io
870 1208 937 1252 mea
952 1185 1084 1255 lectione
1097 1188 1207 1257 melius
1221 1215 1253 1258 se

229 1291 340 1373 habet,
362 1313 456 1384 quam
481 1291 514 1355 in
537 1288 688 1375 vulgata,
721 1289 776 1356 ubi
808 1304 911 1356 tamen
942 1313 1012 1356 cum
1039 1293 1252 1362 Lindemanno

229 1398 447 1483 corrigendum
470 1412 554 1463 erat:

251 1533 457 1616 Quantasque
478 1537 601 1596 omaus
622 1531 684 1607 st't,
718 1527 723 1615 1
752 1533 836 1614 quod
856 1536 1114 1616 oonutuet'tum’st
1134 1537 1239 1599 semel.

227 1655 393 1724 sinautem
419 1654 592 1720 necessario
615 1675 652 1719 eo
675 1652 880 1733 adducimur,
907 1668 943 1718 ut
968 1675 1092 1718 versum
1119 1655 1151 1718 in
1175 1653 1251 1718 duas

227 1773 329 1851 partes
349 1757 491 1852 aequales
512 1759 708 1837 dividamus,
734 1757 795 1850 quai
819 1757 945 1823 caesuri
970 1758 1003 1822 in
1024 1759 1151 1823 senariis
1169 1757 1252 1823 nihil

226 1877 272 1930 est
291 1863 449 1944 vitiosius,
468 1862 549 1929 nihil
568 1861 694 1929 auribus
717 1861 880 1946 ingratius.
922 1863 973 1926 'Ex
995 1861 1147 1946 industria
1169 1860 1251 1927 hano

226 1990 290 2033 rem
312 1969 459 2034 tractavit
479 1967 631 2034 Beckerus
654 1968 687 2031 in
717 1965 958 2048 Quaestionibns
978 1965 1016 2032 de
1038 1967 1169 2032 Cornicis
1189 1970 1251 2034 Ro-

224 2095 388 2138 manorum
412 2070 525 2140 fabulis
555 2096 586 2163 p.
613 2074 675 2136 103
706 2093 781 2160 sqq,
797 2067 852 2133 ubi
872 2092 979 2136 versus
998 2068 1167 2138 nonnullos
1189 2071 1249 2138 hor

224 2178 304 2243 vitio
326 2175 502 2244 laborantes
529 2175 714 2243 emendavit.
760 2174 829 2237 lam
859 2196 933 2238 vero
962 2176 988 2240 si
1007 2197 1107 2240 meam
1129 2177 1250 2262 conjec-

224 2295 325 2348 turam
344 2278 545 2376 probaveris,
567 2280 738 2367 legitimam
756 2275 885 2342 habebis
904 2301 1079 2346 caesuram:

225 2404 430 2490 Quantasque
444 2415 592 2486 natator,
626 2408 632 2497 Ι
659 2414 690 2477 st'
708 2416 739 2480 ei
759 2417 835 2499 quid
856 2419 1074 2500 complacitum
1092 2416 1247 2483 'stsemel

222 2523 380 2590 Caeterum
395 2524 504 2593 eodem
523 2528 632 2598 morbo
648 2553 811 2623 perversae
834 2534 1041 2602 distinctionis
1060 2534 1187 2602 affectus
1203 2549 1249 2603 est

222 2627 307 2720 Capt.
332 2630 362 2695 11
381 2635 401 2696 3
419 2656 463 2699 vs.
490 2636 549 2714 20,
566 2632 621 2699 ubi
641 2657 713 2700 cum
733 2635 829 2724 vulgo
849 2635 985 2725 legatur:

381 2753 420 2820 ut
438 2758 504 2820 nen
525 2758 642 2825 rebitas
660 2763 740 2840 nata,
777 2759 782 2848 Ι
816 2771 854 2826 ut
873 2764 984 2847 uiginti
1005 2766 1111 2830 minos

220 2877 278 2939 ego
299 2855 465 2943 legendnm
486 2863 634 2948 conjicio:

371 2967 408 3034 Si
427 2971 647 3049 nauseatus,
677 2969 683 3059 1
713 2973 786 3038 halle
806 2981 843 3039 ut
862 2975 974 3056 uiginti
996 2978 1102 3041 minas

373 3075 583 3158 dampnate.

219 3205 250 3254 et
272 3191 366 3258 Poen.
391 3194 442 3259 ΠΙ.
465 3201 483 3260 5
506 3220 552 3263 vs.
577 3200 632 3262 40:

261 3327 429 3413 Manifesto
444 3330 500 3415 sur
522 3352 556 3396 es
578 3332 668 3398 nttt.
691 3329 697 3420 Ι
719 3333 841 3412 Quaeso
864 3333 968 3397 herote
989 3349 1118 3414 operam
1137 3333 1219 3398 date.

218 3447 378 3534 Distingue
389 3474 396 3514 z

259 3572 427 3658 Manifesta
447 3575 503 3658 fur
525 3595 569 3640 es.
592 3575 701 3659 {Mtte
724 3593 839 3658 quaese
862 3575 964 3638 aaron
988 3577 1116 3656 enudat
1126 3576 1206 3640 dota.

215 3821 269 3884 11
296 3845 340 3888 vs.
367 3825 403 3888 11
430 3848 496 3918 sqq.
520 3824 558 3915 (⁴)

259 3951 374 4022 Locum
391 3951 476 4022 hunc
494 3955 714 4026 difficillimum
734 3967 882 4032 tractavit
901 3967 1094 4039 Hermannus
1105 3973 1241 4043 inElem.

214 4079 245 4147 p.
270 4061 356 4140 459,
380 4062 561 4156 primusque
580 4064 640 4130 fuit
662 4067 717 4157 qui
738 4091 844 4137 versus
868 4075 997 4140 14-18
1022 4077 1162 4145 sotadeos
1177 4103 1241 4149 esse

247 4247 280 4316 (¹)
297 4251 326 4302 In
343 4253 454 4304 citandis
470 4243 586 4304 uersibus
601 4268 694 4319 sequor
709 4271 812 4321 semper
827 4259 967 4310 editionem
983 4259 1006 4308 J.
1024 4260 1050 4308 F.
1070 4261 1196 4316 Gaenertt.

1040 4339 1088 4405 ¹*
