3182 5014
644 663 685 726 49

149 853 263 924 Totum
280 851 366 920 hunc
384 875 507 921 versum
522 852 719 944 Callidamati
738 853 1009 924 tribuendumesse
1025 857 1183 939 existimo,

151 967 250 1051 ejecto
271 959 368 1028 verbo
392 965 455 1028 ito:

150 1067 226 1153 A‘qc
256 1071 345 1134 mitte
370 1071 455 1146 istc,
486 1077 518 1134 at
547 1071 590 1134 dd
621 1089 673 1136 ma
700 1072 742 1134 ad
770 1089 902 1135 coenum
929 1070 980 1135 dic
999 1078 1182 1135 venturum.

689 1177 695 1190 '
979 1174 1064 1255 Quid
1083 1183 1185 1240 taces?

150 1276 250 1342 Servo
280 1277 428 1343 Tranioni
457 1299 521 1342 non
546 1291 629 1344 recte
659 1277 792 1359 dantur,
825 1278 944 1368 quippe
972 1278 1044 1368 qui,
1067 1277 1183 1343 auditis

150 1379 214 1450 illis
234 1381 301 1449 heri
326 1382 445 1451 verbis:
469 1405 523 1470 eqo
538 1387 645 1472 serora
662 1387 740 1472 fauo
765 1396 803 1451 ut
821 1387 968 1450 meruisti
986 1388 1022 1450 t'n
1045 1404 1187 1463 crucem,

149 1509 226 1578 prae
243 1501 328 1553 metu
347 1488 452 1552 statim
472 1488 506 1552 in
522 1510 607 1552 aram
625 1486 818 1573 confugerit,
840 1509 897 1552 nec
911 1485 1042 1553 verbum
1061 1489 1187 1554 muttire

149 1613 259 1672 ausus,
286 1592 469 1682 priusquam
500 1613 585 1656 aram
621 1594 809 1680 contigisset,
855 1591 986 1661 Versum
1016 1597 1184 1660 autem10

150 1695 306 1782 integrum
326 1693 475 1762 Tranioni
496 1696 625 1763 reddere
643 1695 756 1788 placet.
786 1693 871 1763 infra
890 1718 935 1762 vs.
960 1695 1001 1760 tt
1019 1693 1187 1784 legendum

152 1799 297 1866 sortasse:

149 1905 202 1972 Cr.
225 1907 389 1991 Disputdat.
412 1905 467 1970 Ta.
485 1907 1187 1996 deditistioeuiam:quidmesietaduciomt

152 2008 208 2077 ubi
228 2009 401 2100 interposui
423 2007 506 2075 verb.
523 2015 623 2091 dedit,
646 2011 732 2104 quod
758 2010 925 2077 videbatur
940 2009 1098 2076 excidisse.

516 2216 778 2224 mm

154 2326 386 2398 inum:

152 2435 246 2501 trane
266 2437 358 2500 modo
370 2451 472 2498 unum
482 2429 636 2504 udaium
661 2447 777 2506 unum,
790 2431 917 2513 quaeso,
930 2431 983 2517 sac
994 2429 1092 2498 cuusd
1106 2450 1185 2497 meu.

154 2538 255 2605 oratio
272 2538 470 2629 imperfecta,
487 2555 594 2603 sensus
614 2531 729 2600 nullus.
774 2530 905 2600 Bothius
926 2537 1065 2627 scripsit:

153 2645 245 2711 Hune
263 2647 354 2710 modo
371 2664 473 2710 unam
491 2645 596 2710 aduae
610 2645 738 2708 ueniam
757 2643 873 2726 qudem
887 2641 940 2727 sar
958 2643 1155 2708 conscience.

154 2748 231 2817 Mira
261 2747 395 2815 locutio!
429 2749 606 2830 Quamnam
633 2746 730 2831 igitur
752 2745 902 2812 veniam?
928 2761 982 2813 aut
1007 2769 1087 2838 quae
1109 2745 1188 2814 aliae

154 2854 376 2942 intelligendae
394 2869 468 2921 sunt
486 2854 621 2920 veniae?
638 2853 716 2918 dicit
734 2853 833 2919 enim:
854 2869 935 2917 nuuc
951 2870 1035 2918 nutu
1053 2859 1188 2923 uoniam.

154 2960 279 3028 Malim:

154 3069 247 3132 Hdnc
267 3067 358 3130 modo
374 3067 508 3130 musam
526 3065 659 3129 udaium
675 3085 776 3129 unam
792 3068 909 3149 quaeso
928 3068 981 3153 luc
996 3067 1095 3132 ccasd
1109 3087 1189 3132 meu

154 3174 261 3249 Hanc,
282 3191 377 3258 quam
395 3169 596 3248 commeruit;
618 3190 734 3248 unam,
752 3191 825 3233 nam
846 3191 910 3234 non
931 3169 1002 3235 vult
1020 3167 1190 3260 implorare

156 3276 281 3340 veniam
303 3270 451 3354 aliarum,
472 3293 550 3365 quae
569 3289 677 3365 postea
696 3275 825 3341 tortasse
846 3300 864 3340 a
883 3297 973 3342 servo
995 3276 1191 3342 committen-

156 3395 218 3448 tur.
262 3379 377 3470 Aperte
392 3377 454 3445 hoc
468 3377 606 3445 declarat
624 3402 731 3445 servus
749 3377 782 3444 in
807 3399 901 3446 versu
923 3401 1003 3471 seq.:

157 3487 243 3569 Quid
264 3488 425 3571 precaris?
450 3486 544 3572 quusi
571 3507 638 3553 non
666 3507 738 3553 eras
764 3489 839 3574 jom
859 3489 1069 3555 corumeracm
1093 3490 1194 3556 ulium

1035 3595 1190 3660 udaium:

157 3698 222 3763 ΡΜ
240 3706 275 3762 tu
292 3706 483 3782 utrumque,
505 3703 537 3760 at
553 3695 609 3759 hdo
627 3695 774 3771 utillud,
796 3697 914 3778 poteris
934 3699 1043 3763 ulcisci
1059 3701 1167 3780 probe.

157 3804 292 3868 Missum
311 3803 416 3887 facere
436 3801 568 3865 nauium
586 3797 669 3862 idem
690 3798 838 3888 estquod
859 3821 953 3889 supra
974 3824 1019 3867 vs.
1035 3802 1075 3866 47
1097 3802 1191 3867 dixit:

159 3907 291 3980 nomam
310 3910 477 3974 remittere.
500 3904 543 3969 cf.
570 3903 656 3968 Trin.
682 3901 721 3972 V.
746 3907 832 3969 2vs.
859 3908 915 3970 44:

204 4009 241 4074 Si
260 4016 336 4098 quid
358 4017 452 4081 stulto
470 4013 557 4099 fideii,
576 4018 613 4075 ut
637 4029 675 4076 aa
694 4011 795 4076 missu
813 4012 915 4096 [ocios
937 4014 1055 4078 omnic.

643 4199 651 4208 .
683 4198 841 4207 ..ἡ-...φ-

999 4303 1016 4361 4
