<?xml version="1.0" encoding="UTF-8"?>
<!DOCTYPE html PUBLIC "-//W3C//DTD XHTML 1.0 Transitional//EN"
    "http://www.w3.org/TR/xhtml1/DTD/xhtml1-transitional.dtd">
<html xmlns="http://www.w3.org/1999/xhtml" xml:lang="en" lang="en">
 <head>
  <title>
</title>
<meta http-equiv="Content-Type" content="text/html;charset=utf-8" />
  <meta name='ocr-system' content='tesseract 3.04.00' />
  <meta name='ocr-capabilities' content='ocr_page ocr_carea ocr_par ocr_line ocrx_word'/>
</head>
<body>
  <div class='ocr_page' id='page_1' title='image "./specimencritico00lomagoog_0057.png"; bbox 0 0 3182 5014; ppageno 0'>
   <div class='ocr_carea' id='block_1_1' title="bbox 788 629 828 690">
    <p class='ocr_par' dir='ltr' id='par_1_1' title="bbox 788 629 828 690">
     <span class='ocr_line' id='line_1_1' title="bbox 788 629 828 690; baseline 0 0"><span class='ocrx_word' id='word_1_1' title='bbox 788 629 828 690; x_wconf 77' lang='lat' dir='ltr'>tt</span> 
     </span>
    </p>
   </div>
   <div class='ocr_carea' id='block_1_2' title="bbox 194 817 1336 4266">
    <p class='ocr_par' dir='ltr' id='par_1_2' title="bbox 194 817 1336 4266">
     <span class='ocr_line' id='line_1_2' title="bbox 293 817 1328 911; baseline 0.002 -25"><span class='ocrx_word' id='word_1_2' title='bbox 293 836 401 887; x_wconf 88' lang='lat' dir='ltr'>terum·</span> <span class='ocrx_word' id='word_1_3' title='bbox 414 817 607 885; x_wconf 84' lang='lat' dir='ltr'><strong>trochaicum</strong></span> <span class='ocrx_word' id='word_1_4' title='bbox 628 817 702 884; x_wconf 81' lang='lat' dir='ltr'><strong>fecit</strong></span> <span class='ocrx_word' id='word_1_5' title='bbox 713 820 819 906; x_wconf 75' lang='lat' dir='ltr'>&#39;ejecto</span> <span class='ocrx_word' id='word_1_6' title='bbox 838 817 909 896; x_wconf 58' lang='lat' dir='ltr'>ests</span> <span class='ocrx_word' id='word_1_7' title='bbox 936 820 1073 910; x_wconf 82' lang='lat' dir='ltr'><strong>Uterque</strong></span> <span class='ocrx_word' id='word_1_8' title='bbox 1092 822 1235 911; x_wconf 83' lang='lat' dir='ltr'><strong>peccavit</strong></span> <span class='ocrx_word' id='word_1_9' title='bbox 1252 844 1328 888; x_wconf 87' lang='lat' dir='ltr'>con-</span> 
     </span>
     <span class='ocr_line' id='line_1_3' title="bbox 293 922 1329 1016; baseline 0.001 -26"><span class='ocrx_word' id='word_1_10' title='bbox 293 940 340 990; x_wconf 83' lang='lat' dir='ltr'>tro</span> <span class='ocrx_word' id='word_1_11' title='bbox 365 922 501 1010; x_wconf 85' lang='lat' dir='ltr'>regulam</span> <span class='ocrx_word' id='word_1_12' title='bbox 522 922 562 988; x_wconf 84' lang='lat' dir='ltr'>ab</span> <span class='ocrx_word' id='word_1_13' title='bbox 583 925 761 988; x_wconf 87' lang='lat' dir='ltr'>Hermanno</span> <span class='ocrx_word' id='word_1_14' title='bbox 780 923 939 990; x_wconf 88' lang='lat' dir='ltr'>verissime</span> <span class='ocrx_word' id='word_1_15' title='bbox 960 923 1179 1006; x_wconf 82' lang='lat' dir='ltr'><strong>constitutam,</strong></span> <span class='ocrx_word' id='word_1_16' title='bbox 1201 948 1329 1016; x_wconf 88' lang='lat' dir='ltr'>nepro-</span> 
     </span>
     <span class='ocr_line' id='line_1_4' title="bbox 292 1024 1327 1116; baseline -0.002 -20"><span class='ocrx_word' id='word_1_17' title='bbox 292 1030 524 1098; x_wconf 83' lang='lat' dir='ltr'>celeusmatieus</span> <span class='ocrx_word' id='word_1_18' title='bbox 550 1026 688 1092; x_wconf 82' lang='lat' dir='ltr'>trochaei</span> <span class='ocrx_word' id='word_1_19' title='bbox 710 1024 813 1092; x_wconf 92' lang='lat' dir='ltr'><strong>locum</strong></span> <span class='ocrx_word' id='word_1_20' title='bbox 833 1039 965 1116; x_wconf 89' lang='lat' dir='ltr'><strong>occupet</strong></span> <span class='ocrx_word' id='word_1_21' title='bbox 974 1038 986 1106; x_wconf 80' lang='lat'>&#39;3</span> <span class='ocrx_word' id='word_1_22' title='bbox 1019 1026 1051 1091; x_wconf 92' lang='lat' dir='ltr'>in</span> <span class='ocrx_word' id='word_1_23' title='bbox 1070 1051 1163 1093; x_wconf 85' lang='lat' dir='ltr'>versu</span> <span class='ocrx_word' id='word_1_24' title='bbox 1180 1029 1267 1095; x_wconf 84' lang='lat' dir='ltr'>enim</span> <span class='ocrx_word' id='word_1_25' title='bbox 1287 1033 1327 1094; x_wconf 89' lang='lat'>10</span> 
     </span>
     <span class='ocr_line' id='line_1_5' title="bbox 291 1131 1328 1222; baseline -0.004 -21"><span class='ocrx_word' id='word_1_26' title='bbox 291 1135 458 1203; x_wconf 88' lang='lat' dir='ltr'>habemus:</span> <span class='ocrx_word' id='word_1_27' title='bbox 495 1141 603 1222; x_wconf 72' lang='lat' dir='ltr'>ulique</span> <span class='ocrx_word' id='word_1_28' title='bbox 625 1137 686 1213; x_wconf 78' lang='lat' dir='ltr'>eti,</span> <span class='ocrx_word' id='word_1_29' title='bbox 717 1148 748 1198; x_wconf 90' lang='lat' dir='ltr'>et</span> <span class='ocrx_word' id='word_1_30' title='bbox 780 1133 812 1198; x_wconf 87' lang='lat' dir='ltr'>iu</span> <span class='ocrx_word' id='word_1_31' title='bbox 828 1143 880 1200; x_wconf 70' lang='lat' dir='ltr'>&#39;vs</span> <span class='ocrx_word' id='word_1_32' title='bbox 908 1137 946 1197; x_wconf 89' lang='lat'>11</span> <span class='ocrx_word' id='word_1_33' title='bbox 970 1131 1142 1200; x_wconf 89' lang='lat' dir='ltr'>secundum</span> <span class='ocrx_word' id='word_1_34' title='bbox 1161 1131 1328 1199; x_wconf 87' lang='lat' dir='ltr'><strong>Jacobum:</strong></span> 
     </span>
     <span class='ocr_line' id='line_1_6' title="bbox 293 1227 1328 1329; baseline -0.005 -22"><span class='ocrx_word' id='word_1_35' title='bbox 293 1227 394 1329; x_wconf 75' lang='lat' dir='ltr'>diiqui</span> <span class='ocrx_word' id='word_1_36' title='bbox 425 1245 478 1308; x_wconf 77' lang='lat' dir='ltr'>oli.</span> <span class='ocrx_word' id='word_1_37' title='bbox 523 1234 676 1323; x_wconf 83' lang='lat' dir='ltr'>Regulam</span> <span class='ocrx_word' id='word_1_38' title='bbox 705 1233 786 1301; x_wconf 85' lang='lat' dir='ltr'>hanc</span> <span class='ocrx_word' id='word_1_39' title='bbox 817 1258 855 1300; x_wconf 85' lang='lat' dir='ltr'>ex</span> <span class='ocrx_word' id='word_1_40' title='bbox 888 1236 956 1326; x_wconf 86' lang='lat' dir='ltr'><strong>ipsa</strong></span> <span class='ocrx_word' id='word_1_41' title='bbox 982 1258 1183 1302; x_wconf 89' lang='lat' dir='ltr'>numerorum</span> <span class='ocrx_word' id='word_1_42' title='bbox 1216 1245 1328 1306; x_wconf 83' lang='lat' dir='ltr'>natura</span> 
     </span>
     <span class='ocr_line' id='line_1_7' title="bbox 291 1340 1328 1435; baseline -0.004 -25"><span class='ocrx_word' id='word_1_43' title='bbox 291 1345 422 1435; x_wconf 82' lang='lat' dir='ltr'>petitam</span> <span class='ocrx_word' id='word_1_44' title='bbox 443 1367 508 1411; x_wconf 90' lang='lat' dir='ltr'>esse</span> <span class='ocrx_word' id='word_1_45' title='bbox 527 1342 601 1409; x_wconf 84' lang='lat' dir='ltr'>inde</span> <span class='ocrx_word' id='word_1_46' title='bbox 621 1343 772 1431; x_wconf 87' lang='lat' dir='ltr'>comperi,</span> <span class='ocrx_word' id='word_1_47' title='bbox 804 1340 906 1434; x_wconf 90' lang='lat' dir='ltr'><strong>quod,</strong></span> <span class='ocrx_word' id='word_1_48' title='bbox 929 1363 1001 1407; x_wconf 91' lang='lat' dir='ltr'>cum</span> <span class='ocrx_word' id='word_1_49' title='bbox 1020 1355 1088 1406; x_wconf 87' lang='lat' dir='ltr'>earn</span> <span class='ocrx_word' id='word_1_50' title='bbox 1113 1341 1216 1406; x_wconf 89' lang='lat' dir='ltr'><strong>adhuc</strong></span> <span class='ocrx_word' id='word_1_51' title='bbox 1235 1343 1328 1427; x_wconf 82' lang='lat' dir='ltr'>igno-</span> 
     </span>
     <span class='ocr_line' id='line_1_8' title="bbox 224 1445 1328 1530; baseline -0.002 -15"><span class='ocrx_word' id='word_1_52' title='bbox 224 1469 227 1474; x_wconf 83' lang='lat'>&#39;</span> <span class='ocrx_word' id='word_1_53' title='bbox 293 1471 410 1530; x_wconf 81' lang='lat' dir='ltr'>tarem,</span> <span class='ocrx_word' id='word_1_54' title='bbox 438 1463 483 1530; x_wconf 89' lang='lat' dir='ltr'>et,</span> <span class='ocrx_word' id='word_1_55' title='bbox 506 1446 574 1516; x_wconf 90' lang='lat' dir='ltr'><strong>solo</strong></span> <span class='ocrx_word' id='word_1_56' title='bbox 596 1446 735 1514; x_wconf 91' lang='lat' dir='ltr'>Bentleio</span> <span class='ocrx_word' id='word_1_57' title='bbox 757 1448 849 1528; x_wconf 89' lang='lat' dir='ltr'><strong>duce,</strong></span> <span class='ocrx_word' id='word_1_58' title='bbox 876 1471 1020 1514; x_wconf 87' lang='lat' dir='ltr'>numeros</span> <span class='ocrx_word' id='word_1_59' title='bbox 1040 1445 1199 1513; x_wconf 88' lang='lat' dir='ltr'><strong>Plautinos</strong></span> <span class='ocrx_word' id='word_1_60' title='bbox 1219 1462 1249 1513; x_wconf 91' lang='lat' dir='ltr'>et</span> <span class='ocrx_word' id='word_1_61' title='bbox 1267 1449 1328 1513; x_wconf 85' lang='lat' dir='ltr'>Te-</span> 
     </span>
     <span class='ocr_line' id='line_1_9' title="bbox 291 1549 1328 1646; baseline -0.003 -26"><span class='ocrx_word' id='word_1_62' title='bbox 291 1557 449 1622; x_wconf 88' lang='lat' dir='ltr'>rentianus</span> <span class='ocrx_word' id='word_1_63' title='bbox 467 1575 681 1646; x_wconf 86' lang='lat' dir='ltr'>persequerer,</span> <span class='ocrx_word' id='word_1_64' title='bbox 703 1575 836 1643; x_wconf 89' lang='lat' dir='ltr'>cumque</span> <span class='ocrx_word' id='word_1_65' title='bbox 852 1551 929 1617; x_wconf 92' lang='lat' dir='ltr'>mihi</span> <span class='ocrx_word' id='word_1_66' title='bbox 949 1574 1055 1618; x_wconf 88' lang='lat' dir='ltr'>versus</span> <span class='ocrx_word' id='word_1_67' title='bbox 1077 1549 1247 1618; x_wconf 91' lang='lat' dir='ltr'>nonnullos</span> <span class='ocrx_word' id='word_1_68' title='bbox 1267 1573 1328 1617; x_wconf 91' lang='lat' dir='ltr'>no-</span> 
     </span>
     <span class='ocr_line' id='line_1_10' title="bbox 292 1656 1328 1749; baseline 0 -27"><span class='ocrx_word' id='word_1_69' title='bbox 292 1672 420 1738; x_wconf 86' lang='lat' dir='ltr'>tassem,</span> <span class='ocrx_word' id='word_1_70' title='bbox 445 1659 499 1749; x_wconf 90' lang='lat' dir='ltr'>qui</span> <span class='ocrx_word' id='word_1_71' title='bbox 517 1658 632 1743; x_wconf 84' lang='lat' dir='ltr'>ingrati</span> <span class='ocrx_word' id='word_1_72' title='bbox 652 1656 694 1722; x_wconf 89' lang='lat' dir='ltr'>ad</span> <span class='ocrx_word' id='word_1_73' title='bbox 714 1679 802 1724; x_wconf 81' lang='lat' dir='ltr'>sures</span> <span class='ocrx_word' id='word_1_74' title='bbox 822 1679 905 1724; x_wconf 89' lang='lat' dir='ltr'>meas</span> <span class='ocrx_word' id='word_1_75' title='bbox 925 1657 1113 1738; x_wconf 87' lang='lat' dir='ltr'>acciderent,</span> <span class='ocrx_word' id='word_1_76' title='bbox 1133 1673 1241 1748; x_wconf 91' lang='lat' dir='ltr'><strong>postea</strong></span> <span class='ocrx_word' id='word_1_77' title='bbox 1259 1657 1328 1723; x_wconf 87' lang='lat' dir='ltr'>vidi</span> 
     </span>
     <span class='ocr_line' id='line_1_11' title="bbox 291 1760 1327 1856; baseline -0.002 -28"><span class='ocrx_word' id='word_1_78' title='bbox 291 1763 326 1828; x_wconf 91' lang='lat' dir='ltr'>id</span> <span class='ocrx_word' id='word_1_79' title='bbox 346 1764 448 1854; x_wconf 89' lang='lat' dir='ltr'><strong>ipsum</strong></span> <span class='ocrx_word' id='word_1_80' title='bbox 466 1765 504 1830; x_wconf 92' lang='lat' dir='ltr'>iis</span> <span class='ocrx_word' id='word_1_81' title='bbox 523 1763 635 1829; x_wconf 88' lang='lat' dir='ltr'><strong>vitium</strong></span> <span class='ocrx_word' id='word_1_82' title='bbox 655 1761 780 1856; x_wconf 87' lang='lat' dir='ltr'>obesse,</span> <span class='ocrx_word' id='word_1_83' title='bbox 797 1763 882 1854; x_wconf 91' lang='lat' dir='ltr'>quod</span> <span class='ocrx_word' id='word_1_84' title='bbox 900 1760 1082 1848; x_wconf 85' lang='lat' dir='ltr'>regulailla</span> <span class='ocrx_word' id='word_1_85' title='bbox 1097 1763 1327 1828; x_wconf 86' lang='lat' dir='ltr'>Hermanniana</span> 
     </span>
     <span class='ocr_line' id='line_1_12' title="bbox 293 1865 1336 1959; baseline 0.004 -29"><span class='ocrx_word' id='word_1_86' title='bbox 293 1865 466 1934; x_wconf 88' lang='lat' dir='ltr'>damnatur.</span> <span class='ocrx_word' id='word_1_87' title='bbox 501 1868 604 1949; x_wconf 84' lang='lat' dir='ltr'>Quare</span> <span class='ocrx_word' id='word_1_88' title='bbox 634 1889 718 1931; x_wconf 91' lang='lat' dir='ltr'>nunc</span> <span class='ocrx_word' id='word_1_89' title='bbox 740 1867 888 1934; x_wconf 87' lang='lat' dir='ltr'><strong>audacius</strong></span> <span class='ocrx_word' id='word_1_90' title='bbox 909 1869 1098 1959; x_wconf 87' lang='lat' dir='ltr'>pronuntio,</span> <span class='ocrx_word' id='word_1_91' title='bbox 1127 1890 1234 1934; x_wconf 85' lang='lat' dir='ltr'>versus</span> <span class='ocrx_word' id='word_1_92' title='bbox 1253 1865 1336 1934; x_wconf 50' lang='lat' dir='ltr'><strong>illos,</strong></span> 
     </span>
     <span class='ocr_line' id='line_1_13' title="bbox 293 1959 1328 2066; baseline 0.003 -30"><span class='ocrx_word' id='word_1_93' title='bbox 293 1985 348 2036; x_wconf 81' lang='lat' dir='ltr'>aut</span> <span class='ocrx_word' id='word_1_94' title='bbox 366 1995 431 2038; x_wconf 90' lang='lat' dir='ltr'>esse</span> <span class='ocrx_word' id='word_1_95' title='bbox 449 1988 627 2064; x_wconf 87' lang='lat' dir='ltr'><strong>corruptos,</strong></span> <span class='ocrx_word' id='word_1_96' title='bbox 652 1987 706 2039; x_wconf 89' lang='lat' dir='ltr'>aut</span> <span class='ocrx_word' id='word_1_97' title='bbox 726 1972 816 2040; x_wconf 87' lang='lat' dir='ltr'>aliter</span> <span class='ocrx_word' id='word_1_98' title='bbox 837 1997 901 2040; x_wconf 91' lang='lat' dir='ltr'>esse</span> <span class='ocrx_word' id='word_1_99' title='bbox 922 1976 1180 2066; x_wconf 83' lang='lat' dir='ltr'>pronuntiandus.</span> <span class='ocrx_word' id='word_1_100' title='bbox 1210 1975 1279 2040; x_wconf 87' lang='lat' dir='ltr'>Jam</span> <span class='ocrx_word' id='word_1_101' title='bbox 1300 1959 1328 2040; x_wconf 91' lang='lat' dir='ltr'>si</span> 
     </span>
     <span class='ocr_line' id='line_1_14' title="bbox 292 2076 1327 2170; baseline -0.001 -26"><span class='ocrx_word' id='word_1_102' title='bbox 292 2077 389 2146; x_wconf 77' lang='lat' dir='ltr'>verba</span> <span class='ocrx_word' id='word_1_103' title='bbox 409 2094 596 2168; x_wconf 81' lang='lat' dir='ltr'><strong>spectamus,</strong></span> <span class='ocrx_word' id='word_1_104' title='bbox 615 2077 663 2144; x_wconf 91' lang='lat' dir='ltr'>his</span> <span class='ocrx_word' id='word_1_105' title='bbox 680 2076 795 2165; x_wconf 85' lang='lat' dir='ltr'>iegitur</span> <span class='ocrx_word' id='word_1_106' title='bbox 815 2080 847 2145; x_wconf 94' lang='lat' dir='ltr'>in</span> <span class='ocrx_word' id='word_1_107' title='bbox 864 2079 924 2145; x_wconf 89' lang='lat' dir='ltr'>hac</span> <span class='ocrx_word' id='word_1_108' title='bbox 943 2081 1094 2146; x_wconf 89' lang='lat' dir='ltr'>sententia</span> <span class='ocrx_word' id='word_1_109' title='bbox 1107 2084 1229 2166; x_wconf 80' lang='lat' dir='ltr'>aliquo,</span> <span class='ocrx_word' id='word_1_110' title='bbox 1246 2087 1327 2170; x_wconf 77' lang='lat' dir='ltr'>quae&#39;</span> 
     </span>
     <span class='ocr_line' id='line_1_15' title="bbox 292 2181 1327 2269; baseline -0.001 -20"><span class='ocrx_word' id='word_1_111' title='bbox 292 2181 463 2269; x_wconf 80' lang='lat' dir='ltr'><strong>tautologia</strong></span> <span class='ocrx_word' id='word_1_112' title='bbox 483 2199 610 2250; x_wconf 90' lang='lat' dir='ltr'>nonest</span> <span class='ocrx_word' id='word_1_113' title='bbox 630 2185 767 2251; x_wconf 86' lang='lat' dir='ltr'>serenda.</span> <span class='ocrx_word' id='word_1_114' title='bbox 811 2186 931 2267; x_wconf 84' lang='lat' dir='ltr'><strong>Quodsi</strong></span> <span class='ocrx_word' id='word_1_115' title='bbox 952 2186 1013 2252; x_wconf 89' lang='lat' dir='ltr'>mei</span> <span class='ocrx_word' id='word_1_116' title='bbox 1029 2208 1077 2252; x_wconf 88' lang='lat' dir='ltr'>res</span> <span class='ocrx_word' id='word_1_117' title='bbox 1094 2198 1174 2251; x_wconf 90' lang='lat' dir='ltr'>esset</span> <span class='ocrx_word' id='word_1_118' title='bbox 1190 2182 1327 2264; x_wconf 86' lang='lat' dir='ltr'><strong>arbitrii,</strong></span> 
     </span>
     <span class='ocr_line' id='line_1_16' title="bbox 291 2285 1327 2380; baseline -0.001 -26"><span class='ocrx_word' id='word_1_119' title='bbox 291 2290 324 2356; x_wconf 90' lang='lat' dir='ltr'>in</span> <span class='ocrx_word' id='word_1_120' title='bbox 352 2303 484 2380; x_wconf 89' lang='lat' dir='ltr'>utroque</span> <span class='ocrx_word' id='word_1_121' title='bbox 512 2311 605 2355; x_wconf 86' lang='lat' dir='ltr'>versu</span> <span class='ocrx_word' id='word_1_122' title='bbox 636 2285 718 2355; x_wconf 91' lang='lat' dir='ltr'><strong>illud</strong></span> <span class='ocrx_word' id='word_1_123' title='bbox 745 2288 856 2356; x_wconf 84' lang='lat' dir='ltr'><strong>vocab.</strong></span> <span class='ocrx_word' id='word_1_124' title='bbox 880 2287 1031 2369; x_wconf 86' lang='lat' dir='ltr'>delerem,</span> <span class='ocrx_word' id='word_1_125' title='bbox 1060 2289 1145 2378; x_wconf 88' lang='lat' dir='ltr'>(nam</span> <span class='ocrx_word' id='word_1_126' title='bbox 1167 2293 1327 2375; x_wconf 76' lang='lat' dir='ltr'>eliqueret</span> 
     </span>
     <span class='ocr_line' id='line_1_17' title="bbox 194 2387 1129 2484; baseline -0.002 -24"><span class='ocrx_word' id='word_1_127' title='bbox 194 2423 197 2430; x_wconf 91' lang='lat'>·</span> <span class='ocrx_word' id='word_1_128' title='bbox 290 2387 509 2481; x_wconf 79' lang='lat' dir='ltr'>aliquomodo</span> <span class='ocrx_word' id='word_1_129' title='bbox 531 2416 658 2483; x_wconf 89' lang='lat' dir='ltr'>prorsus</span> <span class='ocrx_word' id='word_1_130' title='bbox 677 2393 761 2459; x_wconf 89' lang='lat' dir='ltr'>idem</span> <span class='ocrx_word' id='word_1_131' title='bbox 779 2393 902 2484; x_wconf 88' lang='lat' dir='ltr'>notant)</span> <span class='ocrx_word' id='word_1_132' title='bbox 922 2391 1129 2484; x_wconf 81' lang='lat' dir='ltr'>legeremque:</span> 
     </span>
     <span class='ocr_line' id='line_1_18' title="bbox 290 2499 1327 2586; baseline 0.001 -22"><span class='ocrx_word' id='word_1_133' title='bbox 290 2499 328 2564; x_wconf 81' lang='lat' dir='ltr'>st</span> <span class='ocrx_word' id='word_1_134' title='bbox 344 2501 447 2565; x_wconf 70' lang='lat' dir='ltr'>herote</span> <span class='ocrx_word' id='word_1_135' title='bbox 464 2499 617 2580; x_wconf 74' lang='lat' dir='ltr'>habeam,</span> <span class='ocrx_word' id='word_1_136' title='bbox 638 2501 749 2575; x_wconf 65' lang='lat' dir='ltr'>lubens</span> <span class='ocrx_word' id='word_1_137' title='bbox 762 2505 930 2584; x_wconf 80' lang='lat' dir='ltr'>pollt&#39;ccor:</span> <span class='ocrx_word' id='word_1_138' title='bbox 948 2507 1057 2567; x_wconf 68' lang='lat' dir='ltr'>uerum</span> <span class='ocrx_word' id='word_1_139' title='bbox 1071 2503 1206 2586; x_wconf 75' lang='lat' dir='ltr'>aliquid,</span> <span class='ocrx_word' id='word_1_140' title='bbox 1220 2501 1327 2584; x_wconf 70' lang='lat' dir='ltr'><strong>aliquo</strong></span> 
     </span>
     <span class='ocr_line' id='line_1_19' title="bbox 1217 2605 1326 2681; baseline 0.018 -13"><span class='ocrx_word' id='word_1_141' title='bbox 1217 2605 1326 2681; x_wconf 85' lang='lat' dir='ltr'><strong>modo,</strong></span> 
     </span>
     <span class='ocr_line' id='line_1_20' title="bbox 290 2708 1257 2797; baseline 0.002 -27"><span class='ocrx_word' id='word_1_142' title='bbox 290 2709 437 2773; x_wconf 69' lang='lat' dir='ltr'>alicunde</span> <span class='ocrx_word' id='word_1_143' title='bbox 448 2708 487 2771; x_wconf 86' lang='lat' dir='ltr'>oh</span> <span class='ocrx_word' id='word_1_144' title='bbox 497 2711 598 2792; x_wconf 75' lang='lat' dir='ltr'>aliqui</span> <span class='ocrx_word' id='word_1_145' title='bbox 608 2711 666 2775; x_wconf 72' lang='lat' dir='ltr'>tibi</span> <span class='ocrx_word' id='word_1_146' title='bbox 675 2731 747 2793; x_wconf 79' lang='lat' dir='ltr'>spes</span> <span class='ocrx_word' id='word_1_147' title='bbox 759 2720 807 2776; x_wconf 83' lang='lat' dir='ltr'>est</span> <span class='ocrx_word' id='word_1_148' title='bbox 816 2715 939 2776; x_wconf 69' lang='lat' dir='ltr'>mecum</span> <span class='ocrx_word' id='word_1_149' title='bbox 950 2712 1115 2797; x_wconf 70' lang='lat' dir='ltr'>fortuitum</span> <span class='ocrx_word' id='word_1_150' title='bbox 1123 2712 1202 2796; x_wconf 67' lang='lat' dir='ltr'>soress</span> <span class='ocrx_word' id='word_1_151' title='bbox 1254 2715 1257 2722; x_wconf 87' lang='lat'>&#39;</span> 
     </span>
     <span class='ocr_line' id='line_1_21' title="bbox 290 2811 1323 2904; baseline 0.004 -30"><span class='ocrx_word' id='word_1_152' title='bbox 290 2831 370 2900; x_wconf 88' lang='lat' dir='ltr'>quae</span> <span class='ocrx_word' id='word_1_153' title='bbox 398 2814 575 2896; x_wconf 83' lang='lat' dir='ltr'>conjectura</span> <span class='ocrx_word' id='word_1_154' title='bbox 604 2811 677 2876; x_wconf 91' lang='lat' dir='ltr'>inde</span> <span class='ocrx_word' id='word_1_155' title='bbox 703 2811 850 2877; x_wconf 90' lang='lat' dir='ltr'>nonnihil</span> <span class='ocrx_word' id='word_1_156' title='bbox 879 2812 1119 2904; x_wconf 87' lang='lat' dir='ltr'>comprobatur,</span> <span class='ocrx_word' id='word_1_157' title='bbox 1151 2812 1236 2903; x_wconf 90' lang='lat' dir='ltr'><strong>quod</strong></span> <span class='ocrx_word' id='word_1_158' title='bbox 1253 2815 1323 2900; x_wconf 82' lang='lat' dir='ltr'>jam</span> 
     </span>
     <span class='ocr_line' id='line_1_22' title="bbox 290 2912 1333 3006; baseline 0.009 -28"><span class='ocrx_word' id='word_1_159' title='bbox 290 2913 399 2979; x_wconf 91' lang='lat' dir='ltr'>eodem</span> <span class='ocrx_word' id='word_1_160' title='bbox 425 2912 521 3004; x_wconf 87' lang='lat' dir='ltr'>piune</span> <span class='ocrx_word' id='word_1_161' title='bbox 552 2914 661 2980; x_wconf 90' lang='lat' dir='ltr'>ordine</span> <span class='ocrx_word' id='word_1_162' title='bbox 693 2916 797 2979; x_wconf 89' lang='lat' dir='ltr'>omnia</span> <span class='ocrx_word' id='word_1_163' title='bbox 824 2915 900 2984; x_wconf 87' lang='lat' dir='ltr'>haec</span> <span class='ocrx_word' id='word_1_164' title='bbox 921 2917 1076 2985; x_wconf 86' lang='lat' dir='ltr'><strong>vocabula</strong></span> <span class='ocrx_word' id='word_1_165' title='bbox 1102 2921 1236 3006; x_wconf 79' lang='lat' dir='ltr'>(aliquid</span> <span class='ocrx_word' id='word_1_166' title='bbox 1262 2923 1333 2987; x_wconf 48' lang='lat' dir='ltr'>oli*</span> 
     </span>
     <span class='ocr_line' id='line_1_23' title="bbox 287 3011 1327 3114; baseline 0 -26"><span class='ocrx_word' id='word_1_167' title='bbox 287 3040 352 3106; x_wconf 75' lang='lat' dir='ltr'>quo</span> <span class='ocrx_word' id='word_1_168' title='bbox 381 3024 493 3098; x_wconf 84' lang='lat' dir='ltr'>modo,</span> <span class='ocrx_word' id='word_1_169' title='bbox 524 3024 690 3099; x_wconf 78' lang='lat' dir='ltr'>alicunde,</span> <span class='ocrx_word' id='word_1_170' title='bbox 721 3023 761 3085; x_wconf 81' lang='lat' dir='ltr'>uh</span> <span class='ocrx_word' id='word_1_171' title='bbox 787 3025 898 3108; x_wconf 77' lang='lat' dir='ltr'>alique)</span> <span class='ocrx_word' id='word_1_172' title='bbox 922 3025 950 3088; x_wconf 90' lang='lat' dir='ltr'>ei</span> <span class='ocrx_word' id='word_1_173' title='bbox 974 3048 991 3087; x_wconf 89' lang='lat' dir='ltr'><strong>a</strong></span> <span class='ocrx_word' id='word_1_174' title='bbox 1013 3011 1224 3114; x_wconf 88' lang='lat' dir='ltr'><strong>Stratippocle</strong></span> <span class='ocrx_word' id='word_1_175' title='bbox 1245 3025 1327 3089; x_wconf 90' lang='lat' dir='ltr'><strong>irato</strong></span> 
     </span>
     <span class='ocr_line' id='line_1_24' title="bbox 290 3140 1212 3212; baseline 0.003 -21"><span class='ocrx_word' id='word_1_176' title='bbox 290 3140 489 3212; x_wconf 81' lang='lat' dir='ltr'>regeruntur:</span> <span class='ocrx_word' id='word_1_177' title='bbox 1207 3171 1212 3190; x_wconf 38' lang='lat'>1·</span> 
     </span>
     <span class='ocr_line' id='line_1_25' title="bbox 292 3232 1326 3318; baseline 0.003 -21"><span class='ocrx_word' id='word_1_178' title='bbox 292 3233 415 3316; x_wconf 73' lang='lat' dir='ltr'>Quippe</span> <span class='ocrx_word' id='word_1_179' title='bbox 434 3239 468 3296; x_wconf 80' lang='lat' dir='ltr'>to</span> <span class='ocrx_word' id='word_1_180' title='bbox 485 3233 532 3296; x_wconf 81' lang='lat' dir='ltr'>mi</span> <span class='ocrx_word' id='word_1_181' title='bbox 546 3233 678 3317; x_wconf 68' lang='lat' dir='ltr'><strong>otuutd,</strong></span> <span class='ocrx_word' id='word_1_182' title='bbox 701 3233 808 3317; x_wconf 78' lang='lat' dir='ltr'>diique</span> <span class='ocrx_word' id='word_1_183' title='bbox 825 3234 928 3310; x_wconf 84' lang='lat' dir='ltr'><strong>modo,</strong></span> <span class='ocrx_word' id='word_1_184' title='bbox 946 3234 1092 3298; x_wconf 71' lang='lat' dir='ltr'>alicunde</span> <span class='ocrx_word' id='word_1_185' title='bbox 1109 3232 1149 3298; x_wconf 84' lang='lat' dir='ltr'>ab</span> <span class='ocrx_word' id='word_1_186' title='bbox 1167 3233 1326 3318; x_wconf 69' lang='lat' dir='ltr'>aliquibus</span> 
     </span>
     <span class='ocr_line' id='line_1_26' title="bbox 1220 3344 1323 3411; baseline 0.039 -5"><span class='ocrx_word' id='word_1_187' title='bbox 1220 3344 1323 3411; x_wconf 74' lang='lat' dir='ltr'><strong>huto.</strong></span> 
     </span>
     <span class='ocr_line' id='line_1_27' title="bbox 288 3438 1324 3531; baseline 0.006 -26"><span class='ocrx_word' id='word_1_188' title='bbox 288 3441 339 3505; x_wconf 90' lang='lat' dir='ltr'>Sic</span> <span class='ocrx_word' id='word_1_189' title='bbox 361 3441 455 3506; x_wconf 85' lang='lat' dir='ltr'>etiam</span> <span class='ocrx_word' id='word_1_190' title='bbox 473 3440 621 3508; x_wconf 88' lang='lat' dir='ltr'>decorum</span> <span class='ocrx_word' id='word_1_191' title='bbox 638 3438 749 3508; x_wconf 89' lang='lat' dir='ltr'>melius</span> <span class='ocrx_word' id='word_1_192' title='bbox 772 3456 931 3523; x_wconf 83' lang='lat' dir='ltr'>servatur3</span> <span class='ocrx_word' id='word_1_193' title='bbox 958 3465 1032 3508; x_wconf 90' lang='lat' dir='ltr'>nam</span> <span class='ocrx_word' id='word_1_194' title='bbox 1053 3466 1091 3508; x_wconf 89' lang='lat' dir='ltr'>ex</span> <span class='ocrx_word' id='word_1_195' title='bbox 1116 3442 1241 3531; x_wconf 82' lang='lat' dir='ltr'>vulgari</span> <span class='ocrx_word' id='word_1_196' title='bbox 1261 3443 1324 3511; x_wconf 84' lang='lat' dir='ltr'>lec-</span> 
     </span>
     <span class='ocr_line' id='line_1_28' title="bbox 289 3546 1324 3639; baseline -0.001 -26"><span class='ocrx_word' id='word_1_197' title='bbox 289 3549 376 3614; x_wconf 88' lang='lat' dir='ltr'>tione</span> <span class='ocrx_word' id='word_1_198' title='bbox 406 3546 610 3614; x_wconf 80' lang='lat' dir='ltr'>Chaeribulus</span> <span class='ocrx_word' id='word_1_199' title='bbox 643 3549 735 3614; x_wconf 90' lang='lat' dir='ltr'>nimis</span> <span class='ocrx_word' id='word_1_200' title='bbox 766 3562 872 3639; x_wconf 89' lang='lat' dir='ltr'>aperte</span> <span class='ocrx_word' id='word_1_201' title='bbox 891 3549 1025 3612; x_wconf 88' lang='lat' dir='ltr'>amicum</span> <span class='ocrx_word' id='word_1_202' title='bbox 1043 3569 1134 3616; x_wconf 87' lang='lat' dir='ltr'>suum</span> <span class='ocrx_word' id='word_1_203' title='bbox 1159 3550 1324 3628; x_wconf 77' lang='lat' dir='ltr'>irrisisset3</span> 
     </span>
     <span class='ocr_line' id='line_1_29' title="bbox 290 3649 1322 3743; baseline -0.005 -25"><span class='ocrx_word' id='word_1_204' title='bbox 290 3674 378 3718; x_wconf 92' lang='lat' dir='ltr'><strong>nuuc·</strong></span> <span class='ocrx_word' id='word_1_205' title='bbox 396 3649 492 3717; x_wconf 85' lang='lat' dir='ltr'><strong>habet</strong></span> <span class='ocrx_word' id='word_1_206' title='bbox 513 3674 576 3743; x_wconf 94' lang='lat' dir='ltr'>quo</span> <span class='ocrx_word' id='word_1_207' title='bbox 595 3675 627 3722; x_wconf 88' lang='lat' dir='ltr'>se</span> <span class='ocrx_word' id='word_1_208' title='bbox 648 3652 812 3733; x_wconf 59' lang='lat' dir='ltr'>defendam</span> <span class='ocrx_word' id='word_1_209' title='bbox 834 3667 865 3719; x_wconf 90' lang='lat' dir='ltr'>et</span> <span class='ocrx_word' id='word_1_210' title='bbox 890 3651 1018 3718; x_wconf 86' lang='lat' dir='ltr'>fortasse</span> <span class='ocrx_word' id='word_1_211' title='bbox 1041 3651 1223 3742; x_wconf 87' lang='lat' dir='ltr'>imprudens</span> <span class='ocrx_word' id='word_1_212' title='bbox 1240 3649 1322 3717; x_wconf 90' lang='lat' dir='ltr'>hanc</span> 
     </span>
     <span class='ocr_line' id='line_1_30' title="bbox 290 3753 1322 3848; baseline -0.004 -24"><span class='ocrx_word' id='word_1_213' title='bbox 290 3756 457 3825; x_wconf 87' lang='lat' dir='ltr'>verborum</span> <span class='ocrx_word' id='word_1_214' title='bbox 469 3759 580 3823; x_wconf 91' lang='lat' dir='ltr'>seriem</span> <span class='ocrx_word' id='word_1_215' title='bbox 596 3759 758 3842; x_wconf 83' lang='lat' dir='ltr'>congessit.</span> <span class='ocrx_word' id='word_1_216' title='bbox 782 3758 929 3848; x_wconf 90' lang='lat' dir='ltr'><strong>Suspicor</strong></span> <span class='ocrx_word' id='word_1_217' title='bbox 950 3771 1051 3822; x_wconf 91' lang='lat' dir='ltr'>tamen</span> <span class='ocrx_word' id='word_1_218' title='bbox 1064 3757 1209 3822; x_wconf 85' lang='lat' dir='ltr'>extremis</span> <span class='ocrx_word' id='word_1_219' title='bbox 1218 3753 1322 3820; x_wconf 86' lang='lat' dir='ltr'>verbis</span> 
     </span>
     <span class='ocr_line' id='line_1_31' title="bbox 290 3859 1322 3948; baseline -0.005 -20"><span class='ocrx_word' id='word_1_220' title='bbox 290 3863 416 3948; x_wconf 84' lang='lat' dir='ltr'>gravius</span> <span class='ocrx_word' id='word_1_221' title='bbox 442 3862 590 3929; x_wconf 88' lang='lat' dir='ltr'>mendum</span> <span class='ocrx_word' id='word_1_222' title='bbox 618 3861 754 3942; x_wconf 88' lang='lat' dir='ltr'>subesse,</span> <span class='ocrx_word' id='word_1_223' title='bbox 779 3863 830 3928; x_wconf 88' lang='lat' dir='ltr'>cui</span> <span class='ocrx_word' id='word_1_224' title='bbox 857 3862 996 3929; x_wconf 88' lang='lat' dir='ltr'>sanando</span> <span class='ocrx_word' id='word_1_225' title='bbox 1022 3861 1102 3926; x_wconf 88' lang='lat' dir='ltr'>vires</span> <span class='ocrx_word' id='word_1_226' title='bbox 1120 3883 1203 3928; x_wconf 88' lang='lat' dir='ltr'>meas</span> <span class='ocrx_word' id='word_1_227' title='bbox 1222 3859 1322 3925; x_wconf 88' lang='lat' dir='ltr'>sentio</span> 
     </span>
     <span class='ocr_line' id='line_1_32' title="bbox 288 3965 1322 4060; baseline -0.006 -26"><span class='ocrx_word' id='word_1_228' title='bbox 288 3991 353 4034; x_wconf 87' lang='lat' dir='ltr'>esse</span> <span class='ocrx_word' id='word_1_229' title='bbox 374 3969 515 4060; x_wconf 86' lang='lat' dir='ltr'>impares.</span> <span class='ocrx_word' id='word_1_230' title='bbox 545 3968 683 4059; x_wconf 85' lang='lat' dir='ltr'>Requiro</span> <span class='ocrx_word' id='word_1_231' title='bbox 704 3967 787 4033; x_wconf 89' lang='lat' dir='ltr'>hanc</span> <span class='ocrx_word' id='word_1_232' title='bbox 808 3967 872 4032; x_wconf 87' lang='lat' dir='ltr'>fere</span> <span class='ocrx_word' id='word_1_233' title='bbox 891 3965 1091 4032; x_wconf 90' lang='lat' dir='ltr'>sententiam:</span> <span class='ocrx_word' id='word_1_234' title='bbox 1114 3983 1186 4048; x_wconf 77' lang='lat' dir='ltr'>spes</span> <span class='ocrx_word' id='word_1_235' title='bbox 1204 3965 1252 4029; x_wconf 69' lang='lat' dir='ltr'>est</span> <span class='ocrx_word' id='word_1_236' title='bbox 1270 3983 1322 4028; x_wconf 86' lang='lat' dir='ltr'>me</span> 
     </span>
     <span class='ocr_line' id='line_1_33' title="bbox 286 4063 1325 4156; baseline -0.006 -18"><span class='ocrx_word' id='word_1_237' title='bbox 286 4071 347 4138; x_wconf 74' lang='lat' dir='ltr'>tibi</span> <span class='ocrx_word' id='word_1_238' title='bbox 362 4074 507 4139; x_wconf 74' lang='lat' dir='ltr'>alicmede</span> <span class='ocrx_word' id='word_1_239' title='bbox 524 4091 727 4140; x_wconf 74' lang='lat' dir='ltr'>comesurum</span> <span class='ocrx_word' id='word_1_240' title='bbox 741 4074 923 4156; x_wconf 78' lang='lat' dir='ltr'>pecuniam.</span> <span class='ocrx_word' id='word_1_241' title='bbox 955 4067 1090 4136; x_wconf 79' lang='lat' dir='ltr'>Extremi</span> <span class='ocrx_word' id='word_1_242' title='bbox 1108 4063 1202 4150; x_wconf 89' lang='lat' dir='ltr'>hujus</span> <span class='ocrx_word' id='word_1_243' title='bbox 1213 4087 1325 4134; x_wconf 85' lang='lat' dir='ltr'>scenae</span> 
     </span>
     <span class='ocr_line' id='line_1_34' title="bbox 224 4173 953 4266; baseline -0.005 -24"><span class='ocrx_word' id='word_1_244' title='bbox 224 4237 226 4242; x_wconf 90' lang='lat'><em>.</em></span> <span class='ocrx_word' id='word_1_245' title='bbox 288 4197 395 4242; x_wconf 81' lang='lat' dir='ltr'>versus</span> <span class='ocrx_word' id='word_1_246' title='bbox 418 4175 465 4239; x_wconf 80' lang='lat' dir='ltr'><strong>it&#39;a&#39;</strong></span> <span class='ocrx_word' id='word_1_247' title='bbox 483 4175 612 4242; x_wconf 85' lang='lat' dir='ltr'>sortasse</span> <span class='ocrx_word' id='word_1_248' title='bbox 634 4189 706 4266; x_wconf 81' lang='lat' dir='ltr'><strong>suut</strong></span> <span class='ocrx_word' id='word_1_249' title='bbox 728 4173 953 4264; x_wconf 78' lang='lat' dir='ltr'>constituendi:</span> 
     </span>
    </p>
   </div>
   <div class='ocr_carea' id='block_1_3' title="bbox 0 0 1596 5014">
    <p class='ocr_par' dir='ltr' id='par_1_3' title="bbox 0 0 1596 5014">
     <span class='ocr_line' id='line_1_35' title="bbox 0 0 1596 5014; baseline 0 1"><span class='ocrx_word' id='word_1_250' title='bbox 0 0 1596 5014; x_wconf 95' lang='lat' dir='ltr'> </span> 
     </span>
    </p>
   </div>
  </div>
 </body>
</html>
