3182 5014
709 921 774 988 VII.

269 1130 306 1194 Iu
328 1131 448 1197 Terent.
470 1133 547 1197 Eun.
570 1128 650 1223 prol.
673 1153 718 1196 vs.
742 1134 778 1195 9:

316 1255 404 1318 ldenr
424 1255 596 1321 Menandri
616 1255 757 1319 Phasma
775 1270 862 1318 nene
877 1271 979 1338 nuper
1001 1252 1093 1316 dedit.

229 1371 309 1438 male
330 1371 459 1440 Bethius
482 1374 635 1464 reposuit:

310 1495 400 1560 Idem
417 1495 590 1561 Menandri
606 1497 748 1561 Phasma
769 1512 872 1578 maner
894 1498 1037 1578 perdidit.

226 1613 463 1682 Recentissimue
491 1628 593 1683 autem
621 1613 764 1682 Eunuchi
783 1616 884 1683 editor
909 1614 1076 1704 legendum
1096 1640 1161 1685 esse
1181 1641 1252 1684 cen-

224 1733 370 1800 tendens:
393 1737 482 1801 Idem
502 1738 675 1804 Menandri
692 1738 834 1802 Plresrne
851 1755 939 1802 nene
954 1757 1057 1822 emper
1080 1739 1162 1820 edit,
1180 1736 1251 1806 loce

228 1875 303 1920 sane
327 1854 387 1919 tria
411 1854 524 1920 inflixit
542 1851 681 1919 vulnera.

703 2097 782 2164 vlu.

226 2334 328 2404 verba
349 2335 434 2420 Virg.
458 2334 533 2402 Aen.
555 2335 578 2400 Ι.
602 2357 647 2401 vs.
671 2339 726 2400 17:
776 2327 778 2332 ’

296 2447 298 2450 ’
600 2527 603 2531 ,
627 2460 694 2528 Her
714 2461 936 2548 renerum-Dee
954 2459 1098 2546 qenrr'bnr
1116 2479 1206 2538 eree,

328 2557 442 2667 Siqua
459 2583 528 2668 sete
546 2581 676 2660 sinrnrt,
688 2581 763 2666 jem
785 2589 854 2646 tem
875 2583 1034 2665 tenditque
1051 2580 1207 2666 sonetque.

226 2703 332 2795 spuria
354 2716 435 2769 sunt.

712 2939 764 3003 lx.

265 3166 359 3258 Apud
376 3167 481 3234 Horat.
501 3169 563 3232 Set.
584 3167 625 3232 11.
652 3171 672 3231 3
695 3190 740 3234 vs.
762 3168 843 3249 220,
866 3165 922 3233 ubi
941 3162 1070 3250 legitur:

927 3288 1013 3374 Erue
1033 3286 1090 3353 ndi
1107 3305 1209 3371 prena

265 3407 427 3488 Stultitia,
450 3410 501 3477 nn
515 3418 564 3477 est
576 3430 703 3478 semme
720 3413 860 3479 insanie.

224 3548 283 3618 pre
304 3536 353 3595 ert
369 3526 534 3615 legendum
556 3529 681 3598 ridetur
699 3542 737 3601 et.

719 3754 756 3820 X.

264 3965 301 4030 In
320 3961 390 4029 leco
407 3961 528 4028 Horatii
543 3963 599 4053 up.
619 3962 657 4030 11.
682 3964 720 4044 2,
742 3985 790 4031 ve.
807 3965 868 4030 87:

307 4089 418 4152 Frater
440 4093 510 4150 eret
523 4085 645 4152 Rornae
667 4085 803 4151 eenrnltr'
821 4083 948 4162 rhetor,
971 4090 1010 4148 et
1027 4085 1107 4150 error

306 4202 443 4272 Alterius
462 4223 608 4275 sermone
625 4223 730 4276 meree
746 4204 873 4274 eedr‘ret
892 4204 1034 4273 meren
