3182 5014
826 624 867 686 68

325 817 389 898 Qui
407 817 589 890 dioeril;-
609 812 663 903 qui
684 810 762 902 quid
782 811 918 877 dixerit?
935 833 1008 878 nam
1020 810 1142 902 objecto
1152 813 1213 895 hoc
1223 816 1355 887 uerbum

321 941 426 985 carere
450 940 514 983 non
541 930 652 1008 potest.
697 914 804 981 Scribe
834 915 945 1002 igitur:
974 923 1030 1004 qae'
1047 924 1081 986 ld
1102 926 1236 1002 dloerll;
1263 928 1354 1010 gemi-

321 1026 403 1090 natis
424 1021 545 1088 duabus
566 1019 683 1100 literis,
705 1034 736 1086 et
755 1034 857 1086 totum
875 1043 1001 1088 versum
1023 1023 1067 1088 sic
1087 1021 1170 1111 lege:
1299 1091 1300 1096 ,

367 1130 515 1194 Videlicet
529 1133 662 1210 paream
677 1129 780 1211 [aisse
801 1129 895 1194 lllrlm
910 1147 1019 1193 senem
1040 1132 1096 1214 qai
1113 1116 1149 1196 id
1164 1131 1287 1200 dicerit.

320 1253 413 1322 quem
441 1228 610 1297 verborum
637 1229 779 1296 ordinem
803 1231 832 1300 si,
855 1231 1032 1299 verosimile
1058 1248 1119 1316 est,
1140 1234 1354 1328 Antiphonem

320 1339 353 1402 iu
377 1361 425 1404 vs.
453 1343 491 1403 51
517 1338 673 1404 imitatum
695 1361 777 1419 esse,
800 1336 845 1402 ibi
868 1360 992 1431 quoque
1013 1340 1153 1425 corrige:

367 1446 515 1513 Videlicet
531 1445 669 1530 aequom
685 1446 787 1530 solere
804 1446 897 1510 illam
916 1443 1160 1524 adolescentem,
1177 1448 1234 1531 qui
1247 1447 1332 1515 illico

320 1549 458 1614 numeris
480 1543 670 1612 melioribus,
1149 1564 1154 1574 ·’
1223 1544 1225 1552 ’

317 1859 368 1927 IV.
395 1861 414 1922 2
438 1881 483 1924 vs.
512 1862 538 1924 1.
572 1859 751 1946 Legendum
772 1861 918 1954 ¹sortasse:
968 1877 973 1886 ·

316 1965 379 2029 Sed
397 1967 431 2030 ld
448 1968 531 2050 qood
549 1967 672 2049 occoepl
689 1981 824 2030 currere
842 1964 945 2040 oridia,
968 1978 1040 2028 com
1058 1966 1108 2030 lle
1123 1965 1215 2030 modo
1235 1962 1327 2048 offeri.

316 2065 401 2133 Illud
416 2073 507 2137 modo
518 2068 653 2135 Acidalii
668 2084 714 2136 est
725 2071 906 2148 iuventum3
921 2081 952 2133 et
963 2065 1090 2154 vulgata
1103 2067 1244 2157 profecto
1258 2065 1351 2133 lectio

316 2194 382 2240 troo
398 2175 481 2258 offeri
498 2175 690 2266 ineptissima
707 2189 760 2242 est.
793 2173 959 2257 Quomodo
976 2174 1059 2239 enim
1078 2174 1147 2266 quis
1164 2171 1273 2239 absens
1290 2170 1353 2238 ali·

317 2277 395 2368 quid
414 2275 509 2344 alicui
527 2301 654 2344 narrare
675 2278 803 2369 potest?
823 2279 930 2369 Neque
948 2299 1005 2362 ego
1024 2275 1077 2341 hic
1096 2277 1194 2344 ristun
1211 2292 1351 2369 captasse

316 2381 489 2472 parasitum
515 2383 675 2462 existim03
700 2404 774 2447 nam
802 2379 876 2448 licet
901 2378 1004 2446 Plauti
1028 2381 1157 2449 facetiae
1179 2404 1270 2474 saepe
1289 2384 1353 2449 sint

281 2490 283 2494 ’
315 2486 475 2567 inficetae,
508 2501 610 2553 tamen
642 2489 809 2554 sententias
842 2488 966 2576 insanas
992 2509 1163 2577 numquam
1189 2509 1248 2579 pro
1269 2489 1350 2575 jocis

315 2592 513 2658 venditasset.
547 2592 584 2656 ln
605 2614 698 2658 versu
718 2599 736 2657 5
755 2591 878 2658 malim:
913 2592 940 2658 0
963 2603 1087 2678 sperate
1115 2595 1348 2680 Pompillllpp03

316 2719 390 2760 nam
417 2718 488 2760 cum
519 2695 551 2759 in
584 2694 745 2775 omnibus,
776 2717 855 2786 quae
887 2694 1062 2774 adduntur,
1094 2693 1350 2763 exclamationem

315 2798 404 2864 illam
433 2800 613 2890 praemittat
635 2796 825 2879 Gelasimus,
850 2800 883 2863 in
911 2798 1012 2889 prima
1033 2794 1094 2863 hac
1109 2796 1351 2889 compellatione

313 2907 457 2996 profecto
481 2905 583 2970 omitti
603 2926 668 2968 non
688 2903 799 2985 debet,
818 2927 890 2970 cum
907 2904 1089 2994 praesertim
1107 2899 1205 2993 paulo
1223 2904 1350 2970 suavior

315 3012 371 3077 fiat
393 3033 516 3091 versus,
538 3008 727 3101 liquescente
749 3008 860 3076 ultima
882 3010 916 3074 in
937 3011 1105 3077 homiaem.

712 3217 975 3226 --——--—-——-——

315 3327 459 3393 ibidus.
487 3331 546 3393 50:

357 3434 451 3500 Noae
473 3452 527 3517 eqo
545 3434 618 3499 oolo
634 3439 656 3497 e
671 3431 827 3496 Gelasimo
850 3429 932 3496 mlle·
946 3440 976 3495 te
996 3433 1261 3515 cotoqelo‘sr'mom.

314 3537 469 3602 Weisius:
503 3560 520 3601 »
536 3537 804 3620 Caloqclaslmtrm
839 3547 944 3622 aperte
969 3534 1124 3624 producta
1153 3535 1267 3627 syllata
1288 3538 1350 3605 lo.'’

313 3639 354 3704 tt
370 3663 441 3706 oum
465 3641 593 3704 unicum
609 3636 669 3701 hoc
686 3649 784 3702 exstet
804 3636 975 3727 productae
990 3637 1085 3728 hujus
1096 3640 1234 3731 syllabae
1244 3667 1348 3710 exem·
1449 3695 1453 3700 .

312 3744 419 3836 plum,
448 3768 581 3836 cumque
611 3747 644 3812 in
678 3749 789 3814 eodem
820 3747 879 3813 hoc
906 3772 998 3814 versu
1019 3753 1206 3842 corripiatur
1222 3757 1255 3821 in
1271 3777 1347 3821 voc.

313 3854 471 3920 Gelasimo
479 3879 490 3928 ;
518 3853 562 3941 (iu
589 3852 709 3919 Graeco
732 3853 833 3934 yaldo
865 3855 973 3934 etiarn,
996 3854 1093 3948 alpha
1114 3873 1226 3924 natura
1254 3855 1349 3925 breve

312 3955 369 4044 est)
400 3978 471 4022 cum
495 3972 652 4046 praeterea
680 3959 861 4024 durissimus
887 3959 927 4024 sit
955 3957 1060 4026 hiatus
1092 3961 1124 4025 in
1149 3965 1221 4029 adlo
1237 3971 1267 4042 a,
1289 3984 1346 4028 nec

312 4063 463 4127 sententia
495 4063 569 4128 satis
590 4063 630 4129 sit
653 4062 796 4131 absoluta
817 4079 848 4128 et
870 4064 1034 4149 castigata3
1058 4088 1115 4152 ego
1135 4073 1348 4135 versum'cor·

314 4177 442 4257 ruptum
462 4170 579 4253 habeo,
603 4172 644 4236 ita
666 4169 795 4236 sortasse
818 4167 1062 4235 emendandum:
