3182 5014
241 822 301 890 1.2
325 847 369 891 vs.
396 825 451 889 14:

242 933 315 999 Neu
332 934 465 1020 faciam.
493 930 577 1012 Quid
593 929 640 994 mi
660 929 781 1013 opus'st
803 931 933 996 decurso
955 933 1068 996 aetatis
1090 933 1192 1016 sparte
1208 950 1281 997 cum

1219 1057 1277 1100 ets.

240 1140 304 1210 Hos
336 1159 481 1204 numeros
519 1138 574 1229 qui
602 1133 731 1226 probet,
767 1136 922 1201 neminem
947 1149 1026 1225 puto
1050 1151 1207 1228 repertum
1229 1139 1277 1204 iri.

241 1243 322 1312 Vide
352 1260 456 1311 autem
479 1265 575 1336 quam
598 1265 673 1308 vera
699 1243 741 1308 sit
760 1238 894 1306 Acidalii
919 1241 1117 1327 conjectura;
1136 1244 1280 1334 particu-

240 1345 305 1415 lam
320 1364 484 1436 negantem
505 1345 559 1414 ille
580 1345 720 1414 exsulare
731 1349 838 1434 jussit,
860 1346 1031 1412 sententiae
1047 1359 1170 1411 tantum
1187 1369 1279 1437 opem

239 1477 272 1520 ae
293 1455 373 1522 ferre
392 1471 498 1537 ratns3
520 1451 626 1519 atille
648 1453 830 1545 imprudens
854 1454 958 1520 versui
978 1475 1104 1546 qunque
1125 1453 1279 1520 medelam

240 1559 365 1642 attulit,
396 1565 484 1650 cnjus
517 1583 590 1652 pars
621 1562 710 1652 prior
735 1563 886 1627 continno
915 1559 1044 1646 erigitur
1065 1573 1096 1624 et
1119 1560 1209 1650 quasi
1227 1583 1279 1626 ex·

242 1663 357 1730 sultat:

241 1772 385 1837 Fdrinat.
416 1772 499 1852 Quid
522 1774 569 1836 mi
586 1775 708 1856 opds’st
729 1775 859 1837 decurso
878 1771 992 1836 netdtis
1011 1771 1113 1854 apdtio
1134 1790 1207 1836 cum
1225 1775 1279 1838 eia.

241 1872 337 1941 Vides
361 1888 464 1939 tamen
490 1889 664 1940 extremum
691 1896 817 1940 versum
837 1875 947 1939 misere
965 1872 1069 1938 adhuc
1092 1871 1277 1942 claudicare.

242 1977 304 2042 Sed
329 1999 393 2042 non
412 1977 538 2059 dubito,
561 1979 653 2070 quin,
676 1977 832 2064 geminata
853 2001 917 2043 una
937 1977 1028 2044 litera
1045 1976 1277 2064 legendumsit;

240 2086 384 2152 cht'aut.
409 2087 492 2167 Quid
511 2089 558 2151 mi
573 2088 696 2170 opds'rt
714 2088 844 2151 decurro
863 2087 977 2152 netdtis
995 2090 1096 2169 spatio
1110 2089 1182 2152 cuim
1199 2089 1279 2152 aneis

244 2199 352 2277 gerere
372 2193 514 2258 bellum?

240 2318 321 2387 quae
339 2297 414 2362 item
436 2297 615 2383 conjectura
637 2296 807 2362 sententiae
827 2318 892 2360 non
916 2297 1036 2377 minus,
1055 2320 1150 2389 quem
1170 2320 1278 2364 nnme-

241 2403 284 2468 ris
302 2401 446 2470 salutaris
465 2417 518 2468 est.
564 2404 665 2486 Quam
682 2402 815 2496 pulchre
839 2404 922 2468 enim
942 2402 1041 2495 patris
1066 2403 1193 2472 affectus
1216 2405 1277 2471 hoc

240 2507 398 2576 vocabulo
429 2508 592 2599 pingitur!
649 2510 712 2574 Nec
745 2512 865 2576 bellum
893 2531 1002 2594 gerere
1031 2510 1195 2591 universe,
1224 2509 1278 2576 sed

240 2633 314 2680 cum
350 2619 420 2682 suit
446 2625 571 2701 petram
602 2612 720 2680 bellum
751 2637 875 2699 gerere,
911 2613 944 2676 id
968 2613 1093 2678 demum
1115 2614 1279 2698 indignum

240 2734 295 2786 est.
317 2720 360 2783 ci.
385 2742 458 2784 mox
477 2740 522 2783 vs.
545 2722 604 2798 21,
623 2718 678 2783 ubi
707 2719 821 2783 iterum
851 2718 889 2782 de
914 2714 1039 2782 filiabus
1070 2719 1133 2783 suis
1162 2740 1274 2784 senex:

241 2845 296 2910 eqo
312 2845 401 2890 mens
419 2827 494 2890 noui
512 2833 656 2906 optume,
677 2834 708 2885 et
723 2821 799 2885 Asin
816 2823 848 2901 1,
867 2824 882 2884 1
906 2843 951 2886 vs.
977 2823 1037 2885 52:

285 2930 385 3016 Atque
404 2935 457 3014 dyo
477 2949 528 2994 me
545 2930 579 2992 id
595 2928 703 3012 secare
722 2930 854 2993 studeo:¹
868 2930 937 2993 volo
957 2929 1063 2992 umeri
1081 2924 1101 2988 d
1117 2931 1210 2994 ands.

241 3035 360 3102 Terent.
378 3034 436 3101 td.
456 3035 492 3103 V.
517 3036 535 3098 4
561 3057 607 3099 vs.
632 3035 688 3097 25:
734 3024 800 3118 Ego
829 3054 951 3119 quoque
970 3055 990 3099 a
1007 3038 1087 3101 mma
1105 3055 1157 3100 me
1174 3035 1279 3100 amdri

241 3153 274 3209 et
291 3144 402 3226 magni
419 3144 517 3225 pendi
531 3143 664 3226 pestate.
687 3139 756 3203 Jam
781 3138 836 3229 qui
858 3137 974 3203 factum
997 3139 1053 3217 sit,
1069 3151 1105 3202 nt
1122 3159 1188 3205 uon
1203 3137 1278 3203 huic

241 3246 345 3312 versui
366 3246 406 3311 sit
420 3244 610 3336 praefixum,
624 3244 738 3308 coniici
770 3237 926 3307 diffinicile
956 3257 1018 3324 est3
1040 3244 1157 3334 passim
1172 3258 1276 3310 tamen

241 3351 275 3415 in
286 3348 383 3415 Godd.
416 3349 569 3438 ejusmodi
583 3347 861 3441 deprehenduntnr
883 3369 1019 3428 errores,
1037 3370 1171 3442 qnorum
1185 3371 1278 3417 cansa

242 3468 297 3519 aut
313 3454 401 3538 origo
416 3474 481 3517 non
503 3466 645 3543 apparet.
693 3453 728 3516 In
750 3452 916 3536 negatione
929 3467 1032 3518 autem
1043 3453 1095 3520 vel
1106 3457 1278 3522 omittenda

240 3557 293 3626 vel
311 3558 467 3639 addenda,
490 3556 675 3624 incredibile
700 3558 788 3622 dictu
807 3572 854 3624 est
876 3558 997 3649 quoties
1019 3563 1220 3650 peccaverint
1239 3558 1277 3624 li-

241 3664 346 3730 brarii.
366 3661 532 3729 Declarant
542 3661 603 3728 hoc
618 3662 733 3730 Bakius
744 3663 784 3729 ad
793 3663 854 3729 Cic.
872 3663 910 3730 de
918 3665 1007 3751 legg.
1023 3667 1046 3732 1.
1056 3690 1101 3734 vs.
1116 3671 1169 3733 49.
1193 3665 1277 3733 llad·

241 3771 295 3857 vig
314 3770 355 3836 ad
372 3770 433 3836 Cic.
457 3769 496 3835 de
514 3770 579 3834 Fin.
593 3770 727 3860 passim,
750 3767 813 3835 alii.
848 3769 1008 3836 Caeterum
1027 3768 1149 3838 literam
1168 3768 1274 3847 illam,

242 3899 337 3967 quam
355 3897 414 3962 ego
428 3876 561 3955 inserui,
584 3873 676 3940 facile
698 3875 839 3940 excidere
852 3876 990 3965 potuisse
1001 3926 1009 3956 ‚
1021 3891 1052 3942 et
1064 3890 1175 3965 sponte
1185 3870 1276 3938 intel·

241 3981 369 4067 ligitur,
385 3999 416 4049 et
439 3982 529 4050 docet
552 3983 645 4048 etiam
668 3979 755 4049 locus
778 3982 913 4049 Terentii
932 3981 1039 4046 lleaut.
1057 3981 1094 4045 11.
1117 3983 1152 4058 4,
1165 3999 1208 4044 vs.
1223 3977 1272 4042 27.

857 4091 988 4155 tenedue
1005 4097 1053 4164 te,

389 4198 568 4282 Antiphila,
603 4201 743 4264 uincitur
762 4197 869 4264 (inimo
890 4201 1033 4277 inoptata
1055 4211 1131 4258 uteo.
