3182 5014
844 629 887 690 34

340 821 475 886 numeris
493 820 689 886 suavissimis.
729 820 855 886 Dixerat
872 817 1163 910 Therapontigonus
1180 831 1233 886 νεῖ
1253 825 1268 884 1
1291 836 1324 888 et
1347 825 1366 886 2

383 926 455 992 Non
473 945 635 1010 oponooc
651 929 800 993 mediocri
820 929 928 993 incedo
951 929 1053 994 crocos
1074 931 1259 1006 iracundia,

381 1030 443 1097 de
451 1051 544 1115 capso
553 1034 629 1108 illo,
648 1051 711 1116 ooo
722 1034 915 1098 docidiooom
926 1032 1031 1117 [dcere
1045 1035 1200 1098 condidici
1210 1035 1343 1118 dppidis.

337 1135 478 1200 Gratiam
502 1150 533 1200 et
544 1138 652 1222 jocum
673 1149 817 1225 captatur
838 1137 929 1224 Lyco,
951 1135 1104 1202 imitando
1126 1151 1194 1202 tum
1208 1139 1281 1228 ipsa
1305 1139 1367 1204 mi-

338 1240 403 1308 litis
426 1239 523 1307 verba
547 1254 614 1304 tum
635 1239 802 1307 verborum
830 1241 923 1307 etiarn
945 1240 1101 1308 ordinem:
1129 1243 1234 1328 Pergit
1251 1239 1367 1309 Thera·

337 1348 542 1438 pontigonus:

381 1453 435 1519 Nc
448 1461 477 1517 to
495 1451 574 1515 midi
590 1451 692 1536 socids
713 1454 861 1537 ferocem,
883 1462 941 1518 oct
960 1455 1137 1537 supplicare
1152 1461 1299 1535 censeas,

337 1556 393 1622 ubi
414 1571 521 1621 contra
544 1569 688 1621 naturam
709 1569 741 1622 et
760 1578 867 1621 sanam
890 1557 1043 1622 rationem
1063 1557 1103 1624 ad
1124 1563 1302 1644 supplicare
1320 1560 1368 1624 in·

338 1659 476 1746 telligere
491 1657 640 1746 jubemur
668 1683 720 1728 me
747 1663 810 1728 tibi.
855 1662 1032 1747 Legendum
1060 1676 1091 1728 et
1112 1661 1368 1748 distinguendum

337 1767 466 1832 fortasse
488 1765 549 1830 hoc
571 1765 680 1831 modo:

336 1875 390 1938 Lu.
412 1876 700 1961 canonicesuam
711 1875 859 1960 ferocem.
886 1875 944 1937 Tn.
966 1873 1015 1939 Ao
1031 1876 1368 1958 sippiicorocdnsccs!

339 1983 362 2043 i.
387 2000 415 2043 e.
446 2000 485 2044 an
517 1991 553 2041 tu
575 1973 654 2042 mihi
680 1978 720 2042 sis
744 1992 869 2057 auctor,
898 1991 933 2042 ut
952 1977 1011 2042 tibi
1031 1974 1164 2068 supplex
1185 1977 1269 2042 sim?
1287 2001 1366 2068 quae

338 2081 435 2148 verba
457 2089 606 2165 εἰρωνικῶς
626 2103 690 2148 esse
717 2081 952 2172 pronuntianda
982 2097 1120 2173 apparet.
1140 2083 1260 2150 Tertius
1278 2081 1367 2150 locus

339 2187 400 2276 (vs.
424 2188 476 2273 13)
502 2209 540 2252 ex
560 2184 690 2274 vulgata
707 2184 840 2253 lectione
861 2189 905 2252 ita
927 2186 1082 2254 sehabet:

255 2317 258 2324 ·
338 2295 977 2378 Qcitorccoettacoocicocccsaaronita
990 2296 1124 2375 Quarto
1133 2297 1370 2374 minitabatur,

341 2400 427 2480 Quos
441 2409 476 2465 io
489 2401 683 2466 monocerotis
698 2401 845 2468 concoct
863 2403 941 2487 qnos
951 2402 1144 2468 Summanos
1154 2403 1317 2467 somnior?

340 2529 474 2597 quorum
517 2507 653 2596 priorem
680 2506 822 2596 spurium
847 2504 942 2572 habet
971 2507 1126 2589 Weisius3
1155 2519 1186 2572 et
1221 2525 1303 2584 sane,
1341 2503 1367 2569 si

340 2613 474 2692 abesset,
505 2633 596 2677 nemo
625 2609 825 2692 desiderarem
858 2635 967 2677 verum
997 2627 1118 2693 tamen,
1144 2635 1216 2676 cum
1238 2634 1302 2676 non
1322 2629 1393 2677 re-·

340 2717 477 2807 petiam,
501 2715 563 2806 qni
592 2737 684 2780 causa
705 2715 808 2805 quive
832 2717 953 2782 ratione
981 2717 1102 2782 inducti
1132 2717 1217 2782 hunc
1244 2739 1368 2782 versum

339 2823 461 2892 librarii
478 2819 677 2896 intruserint,
698 2839 763 2882 non
786 2833 899 2884 temere
921 2822 1070 2908 ejecerim.
1115 2822 1156 2886 At
1174 2822 1273 2902 enim,
1302 2822 1368 2911 ipse

340 2945 447 2995 versus
464 2922 547 2990 ultra
556 2924 703 2990 terminos
721 2946 873 3010 evagans,
891 2926 1092 3016 impostorem
1111 2929 1221 3014 arguit.
1244 2929 1367 3015 corrige

340 3035 450 3122 igitur:
475 3030 617 3122 (quaein
635 3045 764 3122 promtu
780 3046 826 3096 est
846 3032 1036 3114 emendatio,
1051 3055 1148 3124 eaque
1167 3031 1345 3122 facillima):

385 3142 449 3223 Qui
473 3140 532 3205 iuis
556 3139 688 3204 tabelias
714 3138 893 3222 compactor
917 3139 1032 3204 dcccco.
1054 3138 1112 3202 Tr.
1135 3141 1223 3220 ros
1237 3145 1271 3205 to
1290 3144 1370 3207 midi

384 3247 529 3324 idherius,
549 3246 738 3329 quosioscds
752 3244 888 3321 libertos,
917 3248 994 3328 ocios
1006 3243 1199 3311 Summanos
1208 3246 1368 3312 somnias?

341 3366 496 3418 caeterum
515 3350 555 3414 ad
575 3348 660 3416 hunc
683 3348 788 3416 locum
809 3352 943 3440 respexit
963 3351 1102 3415 Donatus
1135 3348 1188 3440 (ad
1208 3351 1278 3416 Ter.
1303 3349 1364 3415 nd.

340 3459 377 3526 V.
396 3462 414 3522 7
432 3481 480 3524 vs.
502 3455 534 3546 9)
557 3457 703 3524 mendose
723 3456 837 3522 citans:
860 3475 937 3541 qcos
947 3465 983 3521 to
993 3457 1073 3522 miii
1080 3458 1238 3539 parasitos
1251 3459 1364 3533 luscos,

341 3585 418 3651 qnos
436 3585 621 3632 summarios
645 3564 808 3630 somnias?
