3182 5014
815 653 853 714 10

443 848 543 912 linaro
563 850 614 913 iric
636 857 684 914 est
704 846 828 922 ebrios,
853 849 891 909 ait
911 865 965 928 cuo
987 849 1105 930 opinor.

313 945 376 1014 duo
395 963 555 1040 sequentes
573 947 660 1015 nulla
679 950 819 1036 indigent
841 948 1013 1014 medicina:

445 1057 586 1121 U‘tinam
609 1059 654 1121 ito
671 1076 782 1121 essem.
811 1055 907 1140 Optio
924 1075 1006 1140 quoe
1021 1056 1127 1142 fonto!

443 1151 572 1244 Epona?
594 1197 638 1208 -
660 1162 709 1224 Tu
722 1165 803 1227 istic.
831 1162 905 1228 not
922 1162 1048 1228 bibisti!

311 1266 344 1329 in
372 1287 464 1332 versu
494 1267 535 1328 26
567 1262 678 1328 iterum
699 1285 811 1355 sequor
837 1266 1048 1331 Hermannurn
1066 1267 1131 1332 hibi
1148 1265 1338 1353 ejicientem:

442 1371 608 1453 Nosquom
621 1371 771 1453 equidem.
783 1408 827 1418 -
842 1372 925 1452 Quid
939 1373 995 1438 luit
1010 1374 1052 1436 sit
1067 1373 1224 1438 hortinis?

310 1495 416 1539 versus
432 1493 562 1562 sequeus
581 1473 625 1536 ita
643 1472 772 1539 fortasse
791 1472 999 1564 supplendus:

441 1579 583 1660 equidm
598 1580 700 1643 decies
716 1580 790 1663 jdm
813 1581 953 1646 libidini

310 1695 365 1762 uhi
376 1693 457 1760 illud
469 1697 537 1775 tibi,
552 1692 628 1760 latet
637 1693 766 1760 sortasse
775 1696 807 1759 in
822 1694 976 1762 vocabulo
985 1697 1148 1787 btotquod
1161 1721 1199 1763 ex
1213 1724 1339 1792 praece-

311 1802 396 1867 denti
408 1823 500 1865 versu
514 1799 665 1889 expunxit
675 1799 885 1880 Hermannus;
900 1798 1013 1885 legitur
1025 1802 1056 1866 in
1068 1826 1131 1870 uno
1144 1805 1259 1893 codice.
1279 1807 1336 1872 Se-

310 1920 449 2002 quuntur
460 1904 584 1970 dimetri
597 1906 752 1996 quinque,
763 1906 796 1968 in
813 1904 926 1996 quibus
937 1921 971 1971 ut
980 1929 1085 1974 versus
1094 1909 1335 1993 constent,nilril

309 2034 388 2104 opus
400 2026 446 2080 est
456 2010 680 2091 mutare,mod0
691 2011 815 2097 ejeceris
826 2008 1042 2092 verbnmesso,
1051 2013 1136 2105 quod
1148 2014 1337 2082 damnarunt

309 2120 624 2210 recentiorespmnes,
638 2139 849 2209 quoscumque
862 2112 910 2180 illi
926 2118 1022 2183 secuti
1033 2120 1095 2183 sint
1105 2141 1258 2188 numeros.
1269 2124 1337 2186 Jam

309 2224 335 2289 si
345 2223 499 2316 integrum
507 2220 612 2288 locum
624 2221 744 2308 legeris,
754 2220 914 2301 fateberis,
925 2221 1036 2298 credo,
1056 2220 1193 2308 singulos
1202 2226 1338 2292 versicu-

309 2325 357 2392 los
372 2329 529 2419 aptissime
551 2331 631 2394 inter
653 2349 801 2417 personas
823 2325 890 2392 heri
911 2341 941 2391 ct
963 2327 1044 2392 servi
1064 2350 1128 2393 esse
1146 2328 1337 2414 distributos,

309 2448 498 2527 venusteque
528 2435 690 2524 impositos
723 2456 787 2500 esse
834 2448 987 2499 accentus,
1042 2432 1201 2498 Caeterum
1235 2433 1344 2502 locum-

308 2538 393 2605 hunc
426 2543 574 2607 tractanti
606 2554 638 2606 et
662 2554 779 2605 attento
808 2541 912 2604 animo
936 2537 1051 2626 legenti
1077 2537 1230 2622 nonnulla
1259 2540 1338 2605 mihi

309 2643 535 2736 displicebant,
555 2644 677 2711 leviora
698 2643 764 2725 illa,
784 2645 838 2710 sed
860 2660 1038 2710 tamennon
1055 2646 1337 2736 praetermittenda.

308 2749 446 2814 Primum
463 2751 543 2813 servi
572 2750 787 2835 interrogatio:
807 2761 928 2835 cycno?
953 2751 1007 2816 vix
1030 2748 1126 2816 ullam
1143 2748 1238 2815 habet
1255 2751 1338 2831 vim,

308 2853 370 2920 nisi
394 2853 498 2920 statim
521 2850 642 2939 legatur
663 2852 812 2945 postilla
838 2853 1090 2945 Amphitruonis:
1107 2861 1200 2926 homo
1221 2859 1271 2926 hic
1292 2869 1341 2926 est

309 2961 428 3038 ebrius,
457 2968 494 3024 ut
519 2979 573 3044 opo
599 2961 711 3042 opinor
723 2984 734 3033 ;
761 2957 873 3024 deinde
893 2962 990 3023 verba
1016 2966 1126 3046 ecquid
1144 2966 1261 3028 audis?
1290 2963 1338 3026 in-

308 3065 470 3131 commode
494 3066 751 3156 interponuntur,
777 3065 890 3157 quibus
922 3067 1051 3147 demtis,
1071 3064 1181 3133 melius
1202 3066 1338 3132 inculca-

308 3188 359 3237 tur
392 3171 473 3239 illud
503 3175 671 3258 παράδοξον
693 3171 779 3264 quod
805 3171 854 3237 his
881 3172 985 3237 Sosiae
1013 3169 1117 3237 verbis
1145 3173 1346 3238 continetur>

309 3282 395 3346 domi
412 3301 466 3366 epo
483 3301 555 3346 sum
575 3282 728 3365 iuquam,
748 3292 779 3348 ct
798 3283 884 3364 opud
907 3288 937 3344 ta
954 3299 1064 3343 assum
1083 3277 1175 3343 Sosia
1192 3281 1285 3344 idem.
1297 3278 1337 3344 cf.

309 3407 403 3474 supra
432 3408 477 3451 vs.
514 3389 554 3449 12
580 3399 610 3452 et
639 3388 679 3450 18
707 3401 738 3450 et
764 3365 838 3450 inox
855 3407 901 3450 vs.
921 3385 973 3447 46:
998 3403 1059 3469 quo
1078 3386 1112 3449 ul
1129 3392 1220 3467 puoto
1234 3395 1344 3468 potest-

307 3492 393 3577 fieri,
422 3511 507 3558 nuos
536 3496 587 3558 uti
612 3501 647 3557 to
673 3493 723 3557 hio
744 3493 809 3568 sis,
835 3499 866 3556 et
882 3492 987 3554 domi?
1008 3484 1064 3552 ubi
1084 3484 1250 3572 legendum
1273 3509 1336 3552 esse

309 3593 479 3660 contendo:
511 3599 561 3661 uti
590 3605 624 3662 tu
647 3609 677 3660 ct
698 3598 748 3662 otc
773 3599 833 3675 sis,
862 3608 893 3660 et
921 3598 1022 3686 domi,
1043 3608 1079 3660 ut
1101 3595 1133 3658 in
1154 3615 1247 3658 versu
1273 3587 1344 3684 seq(

308 3722 381 3767 sum
402 3702 540 3786 profecto
562 3713 593 3764 et
619 3702 669 3765 lie
690 3713 721 3765 et
742 3703 802 3768 tut.
849 3701 904 3766 His
924 3714 1026 3766 autem
1050 3700 1136 3765 vitiis
1152 3700 1177 3764 si
1197 3699 1247 3765 cui
1267 3699 1336 3790 pla·

309 3818 375 3870 ceat
395 3802 526 3870 liberare
545 3818 686 3869 nostrum
715 3805 789 3893 (non
812 3805 895 3872 enim
921 3804 1096 3884 intercedo,
1118 3805 1143 3868 si
1170 3805 1239 3895 quis
1259 3805 1335 3872 haec

307 3912 369 4001 ipsi
390 3908 501 3974 Plauto
523 3931 616 4000 quam
643 3907 778 3974 librariis
794 3909 948 3998 imputare
970 3904 1070 3995 malit)
1093 3909 1118 3973 is
1141 3907 1232 3974 facile
1253 3933 1336 3976 non-

307 4013 396 4080 nulla
428 4013 659 4105 transponendo
686 4027 717 4077 et
752 4036 896 4080 numeros
925 4034 1048 4080 servare
1081 4027 1111 4076 et
1137 4015 1335 4080 commodum

309 4143 431 4188 sensum
455 4117 572 4186 efficere
600 4119 707 4209 possit.
751 4119 796 4182 Ut·
817 4116 927 4182 melius
945 4112 1155 4200 intelligatur,
1180 4118 1257 4209 quid
1277 4141 1334 4205 ego

309 4229 340 4292 in
363 4225 490 4312 vulgata
504 4225 637 4292 lectione
654 4221 838 4300 desiderem,
849 4217 1008 4309 paulisper
1026 4219 1150 4305 ingenio
1170 4222 1336 4310 indulgens
