<?xml version="1.0" encoding="UTF-8"?>
<!DOCTYPE html PUBLIC "-//W3C//DTD XHTML 1.0 Transitional//EN"
    "http://www.w3.org/TR/xhtml1/DTD/xhtml1-transitional.dtd">
<html xmlns="http://www.w3.org/1999/xhtml" xml:lang="en" lang="en">
 <head>
  <title>
</title>
<meta http-equiv="Content-Type" content="text/html;charset=utf-8" />
  <meta name='ocr-system' content='tesseract 3.04.00' />
  <meta name='ocr-capabilities' content='ocr_page ocr_carea ocr_par ocr_line ocrx_word'/>
</head>
<body>
  <div class='ocr_page' id='page_1' title='image "./specimencritico00lomagoog_0015.png"; bbox 0 0 3182 5014; ppageno 0'>
   <div class='ocr_carea' id='block_1_1' title="bbox 836 563 855 624">
    <p class='ocr_par' dir='ltr' id='par_1_1' title="bbox 836 563 855 624">
     <span class='ocr_line' id='line_1_1' title="bbox 836 563 855 624; baseline 0 0"><span class='ocrx_word' id='word_1_1' title='bbox 836 563 855 624; x_wconf 90' lang='lat'><strong>2</strong></span> 
     </span>
    </p>
   </div>
   <div class='ocr_carea' id='block_1_2' title="bbox 331 754 1365 2415">
    <p class='ocr_par' dir='ltr' id='par_1_2' title="bbox 331 754 1365 2101">
     <span class='ocr_line' id='line_1_2' title="bbox 379 754 1317 842; baseline 0.009 -25"><span class='ocrx_word' id='word_1_2' title='bbox 379 755 450 818; x_wconf 78' lang='lat' dir='ltr'><strong>Vio&#39;</strong></span> <span class='ocrx_word' id='word_1_3' title='bbox 475 754 725 820; x_wconf 82' lang='lat' dir='ltr'><strong>odmmutemus?</strong></span> <span class='ocrx_word' id='word_1_4' title='bbox 755 759 843 821; x_wconf 79' lang='lat' dir='ltr'><strong>triam</strong></span> <span class='ocrx_word' id='word_1_5' title='bbox 866 775 921 842; x_wconf 75' lang='lat' dir='ltr'><strong>eqo</strong></span> <span class='ocrx_word' id='word_1_6' title='bbox 943 758 1056 822; x_wconf 80' lang='lat' dir='ltr'><strong>darom</strong></span> <span class='ocrx_word' id='word_1_7' title='bbox 1079 763 1166 824; x_wconf 78' lang='lat' dir='ltr'><strong>attat</strong></span> <span class='ocrx_word' id='word_1_8' title='bbox 1187 769 1317 825; x_wconf 82' lang='lat' dir='ltr'><strong>meam?</strong></span> 
     </span>
     <span class='ocr_line' id='line_1_3' title="bbox 334 854 1360 951; baseline 0.005 -31"><span class='ocrx_word' id='word_1_9' title='bbox 334 870 365 920; x_wconf 88' lang='lat' dir='ltr'><strong>et</strong></span> <span class='ocrx_word' id='word_1_10' title='bbox 376 879 455 948; x_wconf 89' lang='lat' dir='ltr'><strong>quae</strong></span> <span class='ocrx_word' id='word_1_11' title='bbox 472 854 627 923; x_wconf 87' lang='lat' dir='ltr'><strong>Bentleius</strong></span> <span class='ocrx_word' id='word_1_12' title='bbox 639 857 757 924; x_wconf 77' lang='lat' dir='ltr'><strong>edTer.</strong></span> <span class='ocrx_word' id='word_1_13' title='bbox 770 858 866 924; x_wconf 83' lang='lat' dir='ltr'>Andr.</span> <span class='ocrx_word' id='word_1_14' title='bbox 890 859 912 924; x_wconf 93' lang='lat'><strong>1.</strong></span> <span class='ocrx_word' id='word_1_15' title='bbox 933 863 948 922; x_wconf 92' lang='lat'>1</span> <span class='ocrx_word' id='word_1_16' title='bbox 969 882 1015 926; x_wconf 84' lang='lat' dir='ltr'><strong>vs.</strong></span> <span class='ocrx_word' id='word_1_17' title='bbox 1035 863 1074 924; x_wconf 88' lang='grc'><strong>13</strong></span> <span class='ocrx_word' id='word_1_18' title='bbox 1087 858 1193 926; x_wconf 84' lang='lat' dir='ltr'><strong>attulit</strong></span> <span class='ocrx_word' id='word_1_19' title='bbox 1202 858 1360 951; x_wconf 84' lang='lat' dir='ltr'><strong>exempla:</strong></span> 
     </span>
     <span class='ocr_line' id='line_1_4' title="bbox 334 961 1360 1052; baseline 0.006 -28"><span class='ocrx_word' id='word_1_20' title='bbox 334 961 413 1025; x_wconf 87' lang='lat' dir='ltr'><strong>Rud.</strong></span> <span class='ocrx_word' id='word_1_21' title='bbox 440 962 499 1026; x_wconf 89' lang='lat'><strong>111.</strong></span> <span class='ocrx_word' id='word_1_22' title='bbox 521 965 558 1028; x_wconf 85' lang='lat'><strong>6.</strong></span> <span class='ocrx_word' id='word_1_23' title='bbox 573 985 617 1028; x_wconf 89' lang='lat' dir='ltr'><strong>vs.</strong></span> <span class='ocrx_word' id='word_1_24' title='bbox 643 965 684 1026; x_wconf 88' lang='lat'><strong>27</strong></span> <span class='ocrx_word' id='word_1_25' title='bbox 705 966 867 1052; x_wconf 81' lang='lat' dir='ltr'><strong>Numquid</strong></span> <span class='ocrx_word' id='word_1_26' title='bbox 886 977 999 1031; x_wconf 83' lang='lat' dir='ltr'><strong>mutet</strong></span> <span class='ocrx_word' id='word_1_27' title='bbox 1027 966 1157 1031; x_wconf 89' lang='lat' dir='ltr'><strong>Pseudl</strong></span> <span class='ocrx_word' id='word_1_28' title='bbox 1178 973 1196 1030; x_wconf 83' lang='lat'>5</span> <span class='ocrx_word' id='word_1_29' title='bbox 1221 988 1266 1031; x_wconf 83' lang='lat' dir='ltr'><strong>vs.</strong></span> <span class='ocrx_word' id='word_1_30' title='bbox 1297 969 1360 1030; x_wconf 82' lang='lat'><strong>142</strong></span> 
     </span>
     <span class='ocr_line' id='line_1_5' title="bbox 334 1066 1362 1137; baseline 0.007 -8"><span class='ocrx_word' id='word_1_31' title='bbox 334 1078 364 1130; x_wconf 91' lang='lat' dir='ltr'><strong>et</strong></span> <span class='ocrx_word' id='word_1_32' title='bbox 392 1070 467 1131; x_wconf 85' lang='lat'><strong>153:</strong></span> <span class='ocrx_word' id='word_1_33' title='bbox 491 1067 750 1134; x_wconf 76' lang='lat' dir='ltr'><strong>Noademutoho.</strong></span> <span class='ocrx_word' id='word_1_34' title='bbox 796 1066 859 1134; x_wconf 85' lang='lat' dir='ltr'><strong>Mil.</strong></span> <span class='ocrx_word' id='word_1_35' title='bbox 879 1067 964 1136; x_wconf 88' lang='lat' dir='ltr'><strong>Glor.</strong></span> <span class='ocrx_word' id='word_1_36' title='bbox 988 1070 1031 1137; x_wconf 88' lang='lat' dir='ltr'><strong>tv</strong></span> <span class='ocrx_word' id='word_1_37' title='bbox 1052 1074 1071 1134; x_wconf 91' lang='grc'>3</span> <span class='ocrx_word' id='word_1_38' title='bbox 1099 1092 1143 1135; x_wconf 91' lang='lat' dir='ltr'><strong>vs.</strong></span> <span class='ocrx_word' id='word_1_39' title='bbox 1170 1073 1221 1135; x_wconf 84' lang='lat'><strong>37.</strong></span> <span class='ocrx_word' id='word_1_40' title='bbox 1262 1073 1362 1136; x_wconf 80' lang='lat' dir='ltr'><strong>Nuru-</strong></span> 
     </span>
     <span class='ocr_line' id='line_1_6' title="bbox 331 1174 1361 1257; baseline 0.005 -21"><span class='ocrx_word' id='word_1_41' title='bbox 331 1174 409 1257; x_wconf 80' lang='lat' dir='ltr'><strong>qut‘d</strong></span> <span class='ocrx_word' id='word_1_42' title='bbox 438 1175 563 1238; x_wconf 73' lang='lat' dir='ltr'><strong>uidetur</strong></span> <span class='ocrx_word' id='word_1_43' title='bbox 592 1174 776 1239; x_wconf 74' lang='lat' dir='ltr'><strong><em>demutare?</em></strong></span> <span class='ocrx_word' id='word_1_44' title='bbox 820 1174 939 1240; x_wconf 84' lang='lat' dir='ltr'>Deinde</span> <span class='ocrx_word' id='word_1_45' title='bbox 968 1177 1053 1240; x_wconf 88' lang='lat' dir='ltr'><strong>nacti</strong></span> <span class='ocrx_word' id='word_1_46' title='bbox 1082 1175 1195 1240; x_wconf 90' lang='lat' dir='ltr'><strong>erimus</strong></span> <span class='ocrx_word' id='word_1_47' title='bbox 1231 1174 1361 1241; x_wconf 87' lang='lat' dir='ltr'><strong>locutio·</strong></span> 
     </span>
     <span class='ocr_line' id='line_1_7' title="bbox 332 1277 1364 1369; baseline 0.006 -29"><span class='ocrx_word' id='word_1_48' title='bbox 332 1298 420 1341; x_wconf 89' lang='lat' dir='ltr'><strong>nem:</strong></span> <span class='ocrx_word' id='word_1_49' title='bbox 443 1279 587 1342; x_wconf 75' lang='lat' dir='ltr'><strong>eamdem</strong></span> <span class='ocrx_word' id='word_1_50' title='bbox 609 1277 692 1342; x_wconf 77' lang='lat' dir='ltr'><strong>dotto</strong></span> <span class='ocrx_word' id='word_1_51' title='bbox 708 1277 826 1360; x_wconf 73' lang='lat' dir='ltr'><strong>soriam</strong></span> <span class='ocrx_word' id='word_1_52' title='bbox 837 1287 874 1342; x_wconf 82' lang='lat' dir='ltr'><strong>at</strong></span> <span class='ocrx_word' id='word_1_53' title='bbox 884 1281 936 1356; x_wconf 83' lang='lat' dir='ltr'><strong>sit,</strong></span> <span class='ocrx_word' id='word_1_54' title='bbox 948 1299 1007 1368; x_wconf 91' lang='lat' dir='ltr'><strong>pro</strong></span> <span class='ocrx_word' id='word_1_55' title='bbox 1025 1277 1159 1369; x_wconf 89' lang='lat' dir='ltr'><strong>eoquod</strong></span> <span class='ocrx_word' id='word_1_56' title='bbox 1171 1284 1364 1367; x_wconf 82' lang='lat' dir='ltr'><strong>est:fariom</strong></span> 
     </span>
     <span class='ocr_line' id='line_1_8' title="bbox 333 1379 1364 1470; baseline 0 -20"><span class='ocrx_word' id='word_1_57' title='bbox 333 1393 371 1450; x_wconf 82' lang='lat' dir='ltr'><strong>ut</strong></span> <span class='ocrx_word' id='word_1_58' title='bbox 392 1387 502 1449; x_wconf 84' lang='lat' dir='ltr'><strong>eodem</strong></span> <span class='ocrx_word' id='word_1_59' title='bbox 524 1384 600 1449; x_wconf 76' lang='lat' dir='ltr'><strong>haee</strong></span> <span class='ocrx_word' id='word_1_60' title='bbox 622 1385 674 1460; x_wconf 71' lang='lat' dir='ltr'><strong>sit,</strong></span> <span class='ocrx_word' id='word_1_61' title='bbox 701 1402 779 1470; x_wconf 89' lang='lat' dir='ltr'><strong>quae</strong></span> <span class='ocrx_word' id='word_1_62' title='bbox 789 1379 906 1446; x_wconf 88' lang='lat' dir='ltr'><strong>locutio</strong></span> <span class='ocrx_word' id='word_1_63' title='bbox 926 1404 964 1447; x_wconf 85' lang='lat' dir='ltr'><strong>ex</strong></span> <span class='ocrx_word' id='word_1_64' title='bbox 981 1382 1170 1449; x_wconf 87' lang='lat' dir='ltr'><strong>Graecorum</strong></span> <span class='ocrx_word' id='word_1_65' title='bbox 1190 1384 1364 1450; x_wconf 84' lang='lat' dir='ltr'><strong>imitatione</strong></span> 
     </span>
     <span class='ocr_line' id='line_1_9' title="bbox 334 1484 1363 1579; baseline 0.003 -28"><span class='ocrx_word' id='word_1_66' title='bbox 334 1486 500 1564; x_wconf 88' lang='lat' dir='ltr'><strong>traducta,</strong></span> <span class='ocrx_word' id='word_1_67' title='bbox 525 1485 609 1575; x_wconf 88' lang='lat' dir='ltr'><strong>apud</strong></span> <span class='ocrx_word' id='word_1_68' title='bbox 634 1484 780 1550; x_wconf 89' lang='lat' dir='ltr'><strong>Plautum</strong></span> <span class='ocrx_word' id='word_1_69' title='bbox 800 1485 930 1572; x_wconf 84' lang='lat' dir='ltr'><strong>singulis</strong></span> <span class='ocrx_word' id='word_1_70' title='bbox 955 1487 1019 1553; x_wconf 83' lang='lat' dir='ltr'><strong>fere</strong></span> <span class='ocrx_word' id='word_1_71' title='bbox 1043 1489 1166 1579; x_wconf 85' lang='lat' dir='ltr'><strong>paginis</strong></span> <span class='ocrx_word' id='word_1_72' title='bbox 1192 1502 1238 1554; x_wconf 90' lang='lat' dir='ltr'><strong>est</strong></span> <span class='ocrx_word' id='word_1_73' title='bbox 1259 1487 1363 1554; x_wconf 89' lang='lat' dir='ltr'><strong>obvia.</strong></span> 
     </span>
     <span class='ocr_line' id='line_1_10' title="bbox 334 1589 1364 1684; baseline 0.002 -28"><span class='ocrx_word' id='word_1_74' title='bbox 334 1591 385 1656; x_wconf 89' lang='lat' dir='ltr'><strong>Sic</strong></span> <span class='ocrx_word' id='word_1_75' title='bbox 407 1592 502 1674; x_wconf 81' lang='lat' dir='ltr'><strong>igitur</strong></span> <span class='ocrx_word' id='word_1_76' title='bbox 521 1589 687 1675; x_wconf 83' lang='lat' dir='ltr'><strong>legendum</strong></span> <span class='ocrx_word' id='word_1_77' title='bbox 701 1611 819 1671; x_wconf 89' lang='lat' dir='ltr'><strong>censeo,</strong></span> <span class='ocrx_word' id='word_1_78' title='bbox 830 1612 930 1681; x_wconf 91' lang='lat' dir='ltr'><strong>neque</strong></span> <span class='ocrx_word' id='word_1_79' title='bbox 948 1589 1037 1657; x_wconf 90' lang='lat' dir='ltr'><strong>aliter</strong></span> <span class='ocrx_word' id='word_1_80' title='bbox 1057 1592 1170 1678; x_wconf 84' lang='lat' dir='ltr'><strong>legitur</strong></span> <span class='ocrx_word' id='word_1_81' title='bbox 1188 1592 1235 1682; x_wconf 91' lang='lat' dir='ltr'><strong>(ut</strong></span> <span class='ocrx_word' id='word_1_82' title='bbox 1256 1607 1364 1684; x_wconf 88' lang='lat' dir='ltr'><strong>postea</strong></span> 
     </span>
     <span class='ocr_line' id='line_1_11' title="bbox 334 1694 1364 1785; baseline 0.001 -23"><span class='ocrx_word' id='word_1_83' title='bbox 334 1695 415 1785; x_wconf 89' lang='lat' dir='ltr'><strong>vidi)</strong></span> <span class='ocrx_word' id='word_1_84' title='bbox 441 1699 474 1763; x_wconf 91' lang='lat' dir='ltr'><strong>in</strong></span> <span class='ocrx_word' id='word_1_85' title='bbox 506 1699 617 1762; x_wconf 89' lang='lat' dir='ltr'><strong>Weisii</strong></span> <span class='ocrx_word' id='word_1_86' title='bbox 638 1696 792 1775; x_wconf 86' lang='lat' dir='ltr'><strong>editione,</strong></span> <span class='ocrx_word' id='word_1_87' title='bbox 821 1694 909 1761; x_wconf 91' lang='lat' dir='ltr'><strong>nulla</strong></span> <span class='ocrx_word' id='word_1_88' title='bbox 930 1711 1034 1763; x_wconf 90' lang='lat' dir='ltr'><strong>tamen</strong></span> <span class='ocrx_word' id='word_1_89' title='bbox 1059 1697 1261 1763; x_wconf 82' lang='lat' dir='ltr'><strong>adnotatione</strong></span> <span class='ocrx_word' id='word_1_90' title='bbox 1287 1696 1364 1764; x_wconf 90' lang='lat' dir='ltr'><strong>sub-</strong></span> 
     </span>
     <span class='ocr_line' id='line_1_12' title="bbox 333 1798 1365 1888; baseline 0 -22"><span class='ocrx_word' id='word_1_91' title='bbox 333 1805 433 1888; x_wconf 79' lang='lat' dir='ltr'><strong>jecta,</strong></span> <span class='ocrx_word' id='word_1_92' title='bbox 464 1815 499 1866; x_wconf 89' lang='lat' dir='ltr'><strong>ut</strong></span> <span class='ocrx_word' id='word_1_93' title='bbox 528 1802 646 1867; x_wconf 86' lang='lat' dir='ltr'><strong>nescies</strong></span> <span class='ocrx_word' id='word_1_94' title='bbox 677 1799 761 1864; x_wconf 90' lang='lat' dir='ltr'><strong>unde</strong></span> <span class='ocrx_word' id='word_1_95' title='bbox 796 1798 849 1866; x_wconf 90' lang='lat' dir='ltr'><strong>ille</strong></span> <span class='ocrx_word' id='word_1_96' title='bbox 880 1799 1025 1867; x_wconf 87' lang='lat' dir='ltr'><strong>hauserit.</strong></span> <span class='ocrx_word' id='word_1_97' title='bbox 1070 1801 1163 1884; x_wconf 88' lang='lat' dir='ltr'><strong>Quod</strong></span> <span class='ocrx_word' id='word_1_98' title='bbox 1192 1817 1294 1868; x_wconf 87' lang='lat' dir='ltr'><strong>autem</strong></span> <span class='ocrx_word' id='word_1_99' title='bbox 1323 1802 1365 1868; x_wconf 90' lang='lat' dir='ltr'><strong>ad</strong></span> 
     </span>
     <span class='ocr_line' id='line_1_13' title="bbox 334 1902 1365 1992; baseline 0.001 -21"><span class='ocrx_word' id='word_1_100' title='bbox 334 1906 456 1971; x_wconf 84' lang='lat' dir='ltr'><strong>hiatum</strong></span> <span class='ocrx_word' id='word_1_101' title='bbox 482 1905 601 1971; x_wconf 85' lang='lat' dir='ltr'><strong>adtinet</strong></span> <span class='ocrx_word' id='word_1_102' title='bbox 620 1905 652 1969; x_wconf 91' lang='lat' dir='ltr'><strong>in</strong></span> <span class='ocrx_word' id='word_1_103' title='bbox 672 1903 775 1972; x_wconf 85' lang='lat' dir='ltr'><strong>verbis</strong></span> <span class='ocrx_word' id='word_1_104' title='bbox 796 1909 978 1992; x_wconf 69' lang='lat' dir='ltr'><strong>fortuma,</strong></span> <span class='ocrx_word' id='word_1_105' title='bbox 1000 1927 1070 1971; x_wconf 88' lang='lat' dir='ltr'><strong>eum</strong></span> <span class='ocrx_word' id='word_1_106' title='bbox 1091 1902 1267 1972; x_wconf 91' lang='lat' dir='ltr'><strong>tollendum</strong></span> <span class='ocrx_word' id='word_1_107' title='bbox 1287 1905 1365 1972; x_wconf 91' lang='lat' dir='ltr'><strong>olim</strong></span> 
     </span>
     <span class='ocr_line' id='line_1_14' title="bbox 334 2009 706 2101; baseline 0.005 -27"><span class='ocrx_word' id='word_1_108' title='bbox 334 2009 485 2101; x_wconf 87' lang='lat' dir='ltr'><strong>putabam</strong></span> <span class='ocrx_word' id='word_1_109' title='bbox 511 2009 572 2075; x_wconf 87' lang='lat' dir='ltr'><strong>hoe</strong></span> <span class='ocrx_word' id='word_1_110' title='bbox 590 2011 706 2076; x_wconf 90' lang='lat' dir='ltr'><strong>modo:</strong></span> 
     </span>
    </p>

    <p class='ocr_par' dir='ltr' id='par_1_3' title="bbox 334 2117 1362 2415">
     <span class='ocr_line' id='line_1_15' title="bbox 378 2117 1238 2203; baseline 0.001 -22"><span class='ocrx_word' id='word_1_111' title='bbox 378 2119 535 2183; x_wconf 82' lang='lat' dir='ltr'><strong>Eomdem</strong></span> <span class='ocrx_word' id='word_1_112' title='bbox 566 2118 668 2196; x_wconf 73' lang='lat' dir='ltr'><strong>heae,</strong></span> <span class='ocrx_word' id='word_1_113' title='bbox 700 2119 732 2182; x_wconf 78' lang='lat' dir='ltr'><strong>si</strong></span> <span class='ocrx_word' id='word_1_114' title='bbox 751 2119 863 2194; x_wconf 84' lang='lat' dir='ltr'><strong>voltis,</strong></span> <span class='ocrx_word' id='word_1_115' title='bbox 893 2117 995 2202; x_wconf 75' lang='lat' dir='ltr'><strong>secero</strong></span> <span class='ocrx_word' id='word_1_116' title='bbox 1018 2136 1058 2182; x_wconf 80' lang='lat' dir='ltr'><strong>ea</strong></span> <span class='ocrx_word' id='word_1_117' title='bbox 1081 2120 1238 2203; x_wconf 74' lang='lat' dir='ltr'><strong>tropoedia</strong></span> 
     </span>
     <span class='ocr_line' id='line_1_16' title="bbox 335 2220 1362 2312; baseline 0 -26"><span class='ocrx_word' id='word_1_118' title='bbox 335 2235 370 2286; x_wconf 91' lang='lat' dir='ltr'><strong>ut</strong></span> <span class='ocrx_word' id='word_1_119' title='bbox 401 2220 510 2286; x_wconf 89' lang='lat' dir='ltr'><strong>melius</strong></span> <span class='ocrx_word' id='word_1_120' title='bbox 539 2221 598 2287; x_wconf 90' lang='lat' dir='ltr'><strong>sibi</strong></span> <span class='ocrx_word' id='word_1_121' title='bbox 635 2222 870 2312; x_wconf 88' lang='lat' dir='ltr'><strong>responderent:</strong></span> <span class='ocrx_word' id='word_1_122' title='bbox 914 2232 1144 2288; x_wconf 69' lang='lat' dir='ltr'><strong>commotionem</strong></span> <span class='ocrx_word' id='word_1_123' title='bbox 1177 2234 1209 2286; x_wconf 89' lang='lat' dir='ltr'><strong>et</strong></span> <span class='ocrx_word' id='word_1_124' title='bbox 1239 2224 1362 2307; x_wconf 83' lang='lat' dir='ltr'><strong>fetere:</strong></span> 
     </span>
     <span class='ocr_line' id='line_1_17' title="bbox 334 2323 1233 2415; baseline -0.001 -23"><span class='ocrx_word' id='word_1_125' title='bbox 334 2351 417 2394; x_wconf 87' lang='lat' dir='ltr'><strong>nuno</strong></span> <span class='ocrx_word' id='word_1_126' title='bbox 440 2351 515 2394; x_wconf 91' lang='lat' dir='ltr'><strong>vero</strong></span> <span class='ocrx_word' id='word_1_127' title='bbox 538 2329 748 2415; x_wconf 85' lang='lat' dir='ltr'><strong>conjecturam</strong></span> <span class='ocrx_word' id='word_1_128' title='bbox 769 2324 858 2392; x_wconf 89' lang='lat' dir='ltr'><strong>illam</strong></span> <span class='ocrx_word' id='word_1_129' title='bbox 880 2323 1097 2392; x_wconf 91' lang='lat' dir='ltr'><strong>violentiorem</strong></span> <span class='ocrx_word' id='word_1_130' title='bbox 1121 2323 1233 2391; x_wconf 89' lang='lat' dir='ltr'><strong>habeo.</strong></span> 
     </span>
    </p>
   </div>
   <div class='ocr_carea' id='block_1_3' title="bbox 732 2529 961 2539">
    <p class='ocr_par' dir='ltr' id='par_1_4' title="bbox 732 2529 961 2539">
     <span class='ocr_line' id='line_1_18' title="bbox 732 2529 961 2539; baseline 0.004 -2"><span class='ocrx_word' id='word_1_131' title='bbox 732 2529 961 2539; x_wconf 49' lang='grc' dir='ltr'><strong>*αι-</strong></span> 
     </span>
    </p>
   </div>
   <div class='ocr_carea' id='block_1_4' title="bbox 380 2656 1362 3056">
    <p class='ocr_par' dir='ltr' id='par_1_5' title="bbox 380 2656 1362 3056">
     <span class='ocr_line' id='line_1_19' title="bbox 380 2656 749 2746; baseline 0 -26"><span class='ocrx_word' id='word_1_132' title='bbox 380 2656 501 2740; x_wconf 83' lang='lat' dir='ltr'><strong>Prolog.</strong></span> <span class='ocrx_word' id='word_1_133' title='bbox 525 2679 570 2721; x_wconf 88' lang='lat' dir='ltr'><strong>vs.</strong></span> <span class='ocrx_word' id='word_1_134' title='bbox 596 2659 658 2720; x_wconf 88' lang='lat'><strong>104</strong></span> <span class='ocrx_word' id='word_1_135' title='bbox 682 2673 749 2746; x_wconf 85' lang='lat' dir='ltr'><strong>sqq.</strong></span> 
     </span>
     <span class='ocr_line' id='line_1_20' title="bbox 424 2763 1297 2845; baseline 0.001 -20"><span class='ocrx_word' id='word_1_136' title='bbox 424 2763 503 2825; x_wconf 79' lang='lat' dir='ltr'><strong>Jorrr</strong></span> <span class='ocrx_word' id='word_1_137' title='bbox 525 2781 579 2845; x_wconf 69' lang='lat' dir='ltr'><strong>eqo</strong></span> <span class='ocrx_word' id='word_1_138' title='bbox 601 2765 656 2827; x_wconf 77' lang='lat' dir='ltr'><strong>vos</strong></span> <span class='ocrx_word' id='word_1_139' title='bbox 678 2765 804 2828; x_wconf 79' lang='lat' dir='ltr'><strong>uouisse</strong></span> <span class='ocrx_word' id='word_1_140' title='bbox 826 2765 930 2838; x_wconf 72' lang='lat' dir='ltr'><strong>eredo,</strong></span> <span class='ocrx_word' id='word_1_141' title='bbox 956 2771 994 2825; x_wconf 81' lang='lat' dir='ltr'><strong>ot</strong></span> <span class='ocrx_word' id='word_1_142' title='bbox 1014 2765 1057 2826; x_wconf 82' lang='lat' dir='ltr'><strong>sit</strong></span> <span class='ocrx_word' id='word_1_143' title='bbox 1075 2769 1167 2844; x_wconf 74' lang='lat' dir='ltr'><strong>poter</strong></span> <span class='ocrx_word' id='word_1_144' title='bbox 1189 2773 1297 2840; x_wconf 81' lang='lat' dir='ltr'><strong>ateas3</strong></span> 
     </span>
     <span class='ocr_line' id='line_1_21' title="bbox 425 2867 1187 2952; baseline -0.001 -21"><span class='ocrx_word' id='word_1_145' title='bbox 425 2887 521 2952; x_wconf 85' lang='lat' dir='ltr'><strong>qaam</strong></span> <span class='ocrx_word' id='word_1_146' title='bbox 544 2867 622 2930; x_wconf 79' lang='lat' dir='ltr'><strong>liber</strong></span> <span class='ocrx_word' id='word_1_147' title='bbox 645 2867 759 2929; x_wconf 80' lang='lat' dir='ltr'><strong>horam</strong></span> <span class='ocrx_word' id='word_1_148' title='bbox 782 2874 889 2929; x_wconf 74' lang='lat' dir='ltr'><strong>rerum</strong></span> <span class='ocrx_word' id='word_1_149' title='bbox 911 2867 1084 2931; x_wconf 76' lang='lat' dir='ltr'><strong>mutierem</strong></span> <span class='ocrx_word' id='word_1_150' title='bbox 1106 2869 1187 2941; x_wconf 83' lang='lat' dir='ltr'><strong>siet,·</strong></span> 
     </span>
     <span class='ocr_line' id='line_1_22' title="bbox 426 2974 1362 3056; baseline 0 -21"><span class='ocrx_word' id='word_1_151' title='bbox 426 2977 624 3056; x_wconf 76' lang='lat' dir='ltr'><strong>quantunque</strong></span> <span class='ocrx_word' id='word_1_152' title='bbox 647 2981 770 3036; x_wconf 84' lang='lat' dir='ltr'><strong>amator</strong></span> <span class='ocrx_word' id='word_1_153' title='bbox 793 2975 863 3048; x_wconf 80' lang='lat' dir='ltr'><strong>siet,</strong></span> <span class='ocrx_word' id='word_1_154' title='bbox 884 2975 967 3054; x_wconf 84' lang='lat' dir='ltr'><strong>quod</strong></span> <span class='ocrx_word' id='word_1_155' title='bbox 979 2974 1362 3054; x_wconf 77' lang='lat' dir='ltr'><strong>complacitum’stseotel.</strong></span> 
     </span>
    </p>
   </div>
   <div class='ocr_carea' id='block_1_5' title="bbox 282 3178 1368 4211">
    <p class='ocr_par' dir='ltr' id='par_1_6' title="bbox 282 3178 1368 4211">
     <span class='ocr_line' id='line_1_23' title="bbox 383 3178 1365 3273; baseline -0.002 -28"><span class='ocrx_word' id='word_1_156' title='bbox 383 3183 463 3246; x_wconf 88' lang='lat' dir='ltr'><strong>Haec</strong></span> <span class='ocrx_word' id='word_1_157' title='bbox 484 3182 652 3273; x_wconf 71' lang='lat' dir='ltr'><strong>Mepeurius</strong></span> <span class='ocrx_word' id='word_1_158' title='bbox 673 3179 713 3243; x_wconf 89' lang='lat' dir='ltr'><strong>ad</strong></span> <span class='ocrx_word' id='word_1_159' title='bbox 740 3193 927 3268; x_wconf 86' lang='lat' dir='ltr'><strong>spectatores</strong></span> <span class='ocrx_word' id='word_1_160' title='bbox 970 3179 1057 3243; x_wconf 87' lang='lat' dir='ltr'><strong>Jovis</strong></span> <span class='ocrx_word' id='word_1_161' title='bbox 1080 3178 1163 3243; x_wconf 88' lang='lat' dir='ltr'><strong>furta</strong></span> <span class='ocrx_word' id='word_1_162' title='bbox 1195 3179 1292 3243; x_wconf 86' lang='lat' dir='ltr'><strong>facete</strong></span> <span class='ocrx_word' id='word_1_163' title='bbox 1323 3179 1365 3243; x_wconf 91' lang='lat' dir='ltr'><strong>ri-</strong></span> 
     </span>
     <span class='ocr_line' id='line_1_24' title="bbox 340 3281 1365 3374; baseline -0.001 -25"><span class='ocrx_word' id='word_1_164' title='bbox 340 3286 423 3350; x_wconf 90' lang='lat' dir='ltr'><strong>dens.</strong></span> <span class='ocrx_word' id='word_1_165' title='bbox 450 3287 579 3353; x_wconf 88' lang='lat' dir='ltr'><strong>Versum</strong></span> <span class='ocrx_word' id='word_1_166' title='bbox 591 3287 728 3351; x_wconf 90' lang='lat' dir='ltr'><strong>medium</strong></span> <span class='ocrx_word' id='word_1_167' title='bbox 745 3283 927 3374; x_wconf 73' lang='lat' dir='ltr'><strong>interpositi</strong></span> <span class='ocrx_word' id='word_1_168' title='bbox 947 3281 1061 3372; x_wconf 78' lang='lat' dir='ltr'><strong>copuld</strong></span> <span class='ocrx_word' id='word_1_169' title='bbox 1079 3283 1257 3348; x_wconf 86' lang='lat' dir='ltr'><strong>emendavit</strong></span> <span class='ocrx_word' id='word_1_170' title='bbox 1268 3281 1365 3348; x_wconf 85' lang='lat' dir='ltr'><strong>Peerl-</strong></span> 
     </span>
     <span class='ocr_line' id='line_1_25' title="bbox 282 3389 1359 3481; baseline -0.001 -26"><span class='ocrx_word' id='word_1_171' title='bbox 282 3459 289 3474; x_wconf 57' lang='grc'>,</span> <span class='ocrx_word' id='word_1_172' title='bbox 330 3391 482 3480; x_wconf 84' lang='lat' dir='ltr'><strong>·knrnpins</strong></span> <span class='ocrx_word' id='word_1_173' title='bbox 492 3393 545 3456; x_wconf 72' lang='lat' dir='ltr'><strong>&#39;vir</strong></span> <span class='ocrx_word' id='word_1_174' title='bbox 557 3389 595 3455; x_wconf 85' lang='lat' dir='ltr'><strong>cl.</strong></span> <span class='ocrx_word' id='word_1_175' title='bbox 607 3393 647 3456; x_wconf 86' lang='lat' dir='ltr'><strong>ad</strong></span> <span class='ocrx_word' id='word_1_176' title='bbox 662 3391 915 3478; x_wconf 71' lang='lat' dir='ltr'><strong>VirgiliumTom.</strong></span> <span class='ocrx_word' id='word_1_177' title='bbox 924 3391 946 3456; x_wconf 86' lang='lat' dir='ltr'><strong>I.</strong></span> <span class='ocrx_word' id='word_1_178' title='bbox 954 3415 985 3481; x_wconf 91' lang='lat' dir='ltr'><strong>p.</strong></span> <span class='ocrx_word' id='word_1_179' title='bbox 997 3393 1060 3456; x_wconf 83' lang='lat'><strong>279</strong></span> <span class='ocrx_word' id='word_1_180' title='bbox 1070 3415 1078 3470; x_wconf 79' lang='lat'>3</span> <span class='ocrx_word' id='word_1_181' title='bbox 1087 3392 1190 3456; x_wconf 91' lang='lat' dir='ltr'><strong>versui</strong></span> <span class='ocrx_word' id='word_1_182' title='bbox 1202 3392 1293 3455; x_wconf 89' lang='lat' dir='ltr'><strong>tertio</strong></span> <span class='ocrx_word' id='word_1_183' title='bbox 1303 3411 1359 3476; x_wconf 81' lang='lat' dir='ltr'><strong>ego</strong></span> 
     </span>
     <span class='ocr_line' id='line_1_26' title="bbox 340 3492 1364 3574; baseline -0.004 -13"><span class='ocrx_word' id='word_1_184' title='bbox 340 3498 474 3561; x_wconf 82' lang='lat' dir='ltr'><strong>medicas</strong></span> <span class='ocrx_word' id='word_1_185' title='bbox 484 3521 593 3563; x_wconf 89' lang='lat' dir='ltr'><strong>manus</strong></span> <span class='ocrx_word' id='word_1_186' title='bbox 606 3496 771 3562; x_wconf 83' lang='lat' dir='ltr'><strong>admovere</strong></span> <span class='ocrx_word' id='word_1_187' title='bbox 784 3492 931 3574; x_wconf 78' lang='lat' dir='ltr'><strong>conabor3</strong></span> <span class='ocrx_word' id='word_1_188' title='bbox 942 3517 1015 3558; x_wconf 90' lang='lat' dir='ltr'><strong>nam</strong></span> <span class='ocrx_word' id='word_1_189' title='bbox 1025 3493 1171 3559; x_wconf 90' lang='lat' dir='ltr'><strong>vitiosum</strong></span> <span class='ocrx_word' id='word_1_190' title='bbox 1183 3517 1256 3574; x_wconf 90' lang='lat' dir='ltr'><strong>esse,</strong></span> <span class='ocrx_word' id='word_1_191' title='bbox 1270 3495 1364 3559; x_wconf 86' lang='lat' dir='ltr'><strong>etiarn</strong></span> 
     </span>
     <span class='ocr_line' id='line_1_27' title="bbox 340 3599 1366 3689; baseline -0.003 -23"><span class='ocrx_word' id='word_1_192' title='bbox 340 3601 394 3666; x_wconf 90' lang='lat' dir='ltr'><strong>ubi</strong></span> <span class='ocrx_word' id='word_1_193' title='bbox 418 3599 629 3679; x_wconf 88' lang='lat' dir='ltr'><strong>dissimulant,</strong></span> <span class='ocrx_word' id='word_1_194' title='bbox 652 3601 741 3664; x_wconf 84' lang='lat' dir='ltr'><strong>fateri</strong></span> <span class='ocrx_word' id='word_1_195' title='bbox 763 3599 910 3664; x_wconf 87' lang='lat' dir='ltr'><strong>videntur</strong></span> <span class='ocrx_word' id='word_1_196' title='bbox 934 3599 1115 3689; x_wconf 85' lang='lat' dir='ltr'><strong>interpretes</strong></span> <span class='ocrx_word' id='word_1_197' title='bbox 1135 3599 1284 3663; x_wconf 89' lang='lat' dir='ltr'><strong>contortis</strong></span> <span class='ocrx_word' id='word_1_198' title='bbox 1303 3599 1366 3664; x_wconf 87' lang='lat' dir='ltr'><strong>suis</strong></span> 
     </span>
     <span class='ocr_line' id='line_1_28' title="bbox 341 3701 1366 3794; baseline -0.006 -20"><span class='ocrx_word' id='word_1_199' title='bbox 341 3724 370 3774; x_wconf 87' lang='lat' dir='ltr'><strong>et</strong></span> <span class='ocrx_word' id='word_1_200' title='bbox 403 3710 434 3771; x_wconf 87' lang='lat' dir='ltr'><strong>in</strong></span> <span class='ocrx_word' id='word_1_201' title='bbox 465 3707 585 3773; x_wconf 86' lang='lat' dir='ltr'><strong>diversa</strong></span> <span class='ocrx_word' id='word_1_202' title='bbox 616 3704 799 3770; x_wconf 87' lang='lat' dir='ltr'><strong>abeuntibus</strong></span> <span class='ocrx_word' id='word_1_203' title='bbox 831 3701 1146 3794; x_wconf 87' lang='lat' dir='ltr'><strong>interpretationibus.</strong></span> <span class='ocrx_word' id='word_1_204' title='bbox 1199 3702 1366 3768; x_wconf 88' lang='lat' dir='ltr'><strong>Lambinus</strong></span> 
     </span>
     <span class='ocr_line' id='line_1_29' title="bbox 341 3807 1366 3902; baseline -0.005 -25"><span class='ocrx_word' id='word_1_205' title='bbox 341 3815 423 3878; x_wconf 88' lang='lat' dir='ltr'><strong>enim</strong></span> <span class='ocrx_word' id='word_1_206' title='bbox 441 3811 593 3902; x_wconf 83' lang='lat' dir='ltr'><strong>explieat:</strong></span> <span class='ocrx_word' id='word_1_207' title='bbox 611 3817 646 3877; x_wconf 79' lang='lat' dir='ltr'><strong>ia</strong></span> <span class='ocrx_word' id='word_1_208' title='bbox 669 3834 722 3888; x_wconf 79' lang='lat' dir='ltr'><strong>ee,</strong></span> <span class='ocrx_word' id='word_1_209' title='bbox 742 3815 824 3896; x_wconf 81' lang='lat' dir='ltr'><strong>qued</strong></span> <span class='ocrx_word' id='word_1_210' title='bbox 835 3816 1055 3896; x_wconf 77' lang='lat' dir='ltr'><strong>complacitum</strong></span> <span class='ocrx_word' id='word_1_211' title='bbox 1071 3821 1118 3876; x_wconf 86' lang='lat' dir='ltr'><strong>est</strong></span> <span class='ocrx_word' id='word_1_212' title='bbox 1129 3813 1244 3889; x_wconf 75' lang='lat' dir='ltr'><strong>seinai,</strong></span> <span class='ocrx_word' id='word_1_213' title='bbox 1265 3807 1366 3873; x_wconf 57' lang='lat' dir='ltr'><strong>Tanle</strong></span> 
     </span>
     <span class='ocr_line' id='line_1_30' title="bbox 343 3913 1366 4000; baseline -0.001 -20"><span class='ocrx_word' id='word_1_214' title='bbox 343 3940 458 3982; x_wconf 86' lang='lat' dir='ltr'><strong>manno</strong></span> <span class='ocrx_word' id='word_1_215' title='bbox 485 3914 734 3982; x_wconf 84' lang='lat' dir='ltr'><strong>subaudiendum</strong></span> <span class='ocrx_word' id='word_1_216' title='bbox 761 3913 925 3978; x_wconf 84' lang='lat' dir='ltr'><strong>videbatur</strong></span> <span class='ocrx_word' id='word_1_217' title='bbox 959 3916 1050 4000; x_wconf 83' lang='lat' dir='ltr'><strong>ejus,</strong></span> <span class='ocrx_word' id='word_1_218' title='bbox 1085 3913 1220 3979; x_wconf 86' lang='lat' dir='ltr'><strong>Weisius</strong></span> <span class='ocrx_word' id='word_1_219' title='bbox 1249 3927 1366 3979; x_wconf 87' lang='lat' dir='ltr'><strong>veteres</strong></span> 
     </span>
     <span class='ocr_line' id='line_1_31' title="bbox 336 4020 1368 4110; baseline -0.004 -21"><span class='ocrx_word' id='word_1_220' title='bbox 336 4025 413 4089; x_wconf 84' lang='lat' dir='ltr'><strong>edd.</strong></span> <span class='ocrx_word' id='word_1_221' title='bbox 441 4039 581 4104; x_wconf 87' lang='lat' dir='ltr'><strong>secutus,</strong></span> <span class='ocrx_word' id='word_1_222' title='bbox 608 4020 747 4110; x_wconf 81' lang='lat' dir='ltr'><strong>scripsit:</strong></span> <span class='ocrx_word' id='word_1_223' title='bbox 777 4023 982 4103; x_wconf 74' lang='lat' dir='ltr'><strong>Quantasque</strong></span> <span class='ocrx_word' id='word_1_224' title='bbox 1005 4028 1140 4096; x_wconf 83' lang='lat' dir='ltr'><strong>ornator,</strong></span> <span class='ocrx_word' id='word_1_225' title='bbox 1166 4038 1259 4102; x_wconf 82' lang='lat' dir='ltr'><strong>quom</strong></span> <span class='ocrx_word' id='word_1_226' title='bbox 1292 4022 1368 4104; x_wconf 80' lang='lat' dir='ltr'><strong>quid</strong></span> 
     </span>
     <span class='ocr_line' id='line_1_32' title="bbox 342 4118 1367 4211; baseline -0.009 -17"><span class='ocrx_word' id='word_1_227' title='bbox 342 4131 561 4211; x_wconf 66' lang='lat' dir='ltr'><strong>complacitum</strong></span> <span class='ocrx_word' id='word_1_228' title='bbox 594 4138 641 4196; x_wconf 83' lang='lat' dir='ltr'><strong>est</strong></span> <span class='ocrx_word' id='word_1_229' title='bbox 670 4129 775 4194; x_wconf 82' lang='lat' dir='ltr'><strong>semel.</strong></span> <span class='ocrx_word' id='word_1_230' title='bbox 836 4121 910 4186; x_wconf 83' lang='lat' dir='ltr'><strong>Mihi</strong></span> <span class='ocrx_word' id='word_1_231' title='bbox 934 4118 1206 4210; x_wconf 82' lang='lat' dir='ltr'><strong>&#39;simplicissimum</strong></span> <span class='ocrx_word' id='word_1_232' title='bbox 1244 4121 1367 4187; x_wconf 89' lang='lat' dir='ltr'><strong>videtur</strong></span> 
     </span>
    </p>
   </div>
   <div class='ocr_carea' id='block_1_6' title="bbox 0 0 1615 5012">
    <p class='ocr_par' dir='ltr' id='par_1_7' title="bbox 0 0 1615 5012">
     <span class='ocr_line' id='line_1_33' title="bbox 0 0 1615 5012; baseline 0 0"><span class='ocrx_word' id='word_1_233' title='bbox 0 0 1615 5012; x_wconf 95' lang='lat' dir='ltr'><strong> </strong></span> 
     </span>
    </p>
   </div>
  </div>
 </body>
</html>
