3182 5014
738 642 779 704 25

241 853 414 924 pronomen
441 852 493 898 oto
522 829 679 898 exciderat
710 833 839 899 fortasse
875 847 1005 924 propter
1026 835 1146 902 vicinas
1166 835 1273 905 literas

241 961 312 1017 em,
342 939 497 1004 intrusum
520 935 632 1002 deinde
655 960 673 1001 a
697 935 834 1017 librariis
859 936 929 1004 loco
950 935 1061 1003 alieno.
1107 941 1215 1008 Hiatus
1238 944 1272 1007 in

240 1067 367 1110 caesura
397 1058 469 1135 post
496 1064 562 1107 voc.
589 1047 697 1110 minoe
725 1042 773 1108 bis
797 1044 932 1109 occurrit
951 1044 984 1108 in
1011 1065 1073 1108 una
1094 1043 1155 1110 hac
1172 1069 1271 1113 scona.

239 1171 286 1213 vs.
307 1150 366 1213 61:
401 1149 465 1216 Sed
496 1151 527 1215 rr!
558 1149 616 1216 titt
643 1151 756 1235 cipiotr'
788 1153 1039 1236 minoe-orqdnti
1063 1155 1274 1240 prosorc‘ntor.

239 1265 270 1318 et
292 1275 337 1318 vs.
362 1255 413 1320 63.

303 1383 343 1446 Id
361 1383 478 1465 potios.
509 1383 624 1467 Vipioti
646 1370 822 1450 mirae-itio
844 1385 959 1449 iosoot
978 1386 1014 1448 to
1036 1391 1199 1450 cromdoo.

238 1488 274 1553 In
295 1485 365 1552 Aul.
382 1487 472 1553 [tta
501 1511 547 1554 vs,
572 1491 591 1552 4
617 1486 718 1573 legere
741 1488 856 1580 possis:
886 1491 1030 1568 Etiam,
1067 1493 1098 1558 si
1121 1493 1189 1567 vis,
1219 1493 1271 1556 ἰη-

158 1595 159 1600 ’
239 1595 390 1667 trodooo;
425 1606 455 1656 et
489 1613 535 1656 vs.
570 1594 597 1657 7.
642 1593 732 1658 Intro
754 1593 839 1658 obito
859 1612 919 1681 pro
942 1595 1018 1673 (ιὶή,Ι
1035 1618 1111 1661 nam
1133 1597 1272 1688 sequitur

238 1707 354 1766 vostro.
400 1697 539 1788 Denique
570 1696 603 1759 in
632 1691 703 1761 loco
723 1693 799 1776 ilio,
817 1699 900 1762 unde
921 1710 987 1762 tota
1017 1697 1095 1765 hacc
1120 1700 1158 1766 dc
1183 1699 1272 1767 hiatu

238 1802 410 1893 disputatio
430 1823 539 1868 exorsa
562 1816 608 1868 est
629 1803 677 1892 (ΙΙ.
705 1806 725 1867 3
746 1805 791 1868 vs.
814 1799 846 1892 7)
863 1800 964 1886 legere
987 1827 1148 1895 propono:
1168 1812 1273 1894 Atqoo

236 1914 388 1978 ocrtodtto
408 1912 514 1976 dedas.
560 1908 719 1974 Caeterum
736 1908 811 1973 huic
833 1930 918 1972 meae
935 1907 974 1973 de
995 1907 1085 1975 hiatu
1104 1912 1279 1979 sentcntiae

234 2014 369 2080 maxime
394 2012 480 2079 iavet
508 2010 597 2079 locus
616 2012 771 2080 Ciceronis
793 2011 878 2077 Orat.
904 2017 926 2100 §¹
944 2016 1024 2094 150,
1050 2014 1106 2081 ubi
1134 2015 1271 2082 affirmat

236 2121 379 2184 Latinam
398 2115 539 2204 linguam
558 2137 594 2184 ca
613 2121 696 2184 inre
720 2119 764 2184 sic
787 2116 952 2185 observare
964 2120 1086 2186 aurium
1099 2123 1271 2209 judicium,

236 2246 358 2290 »nemo
377 2237 413 2290 ut
433 2237 498 2288 tam
515 2221 648 2289 rusticus
667 2225 724 2305 sit,
735 2225 811 2315 quin
824 2222 949 2289 vocales
961 2222 1042 2290 nolit
1056 2227 1273 2313 conjungere.'’

235 2329 275 2394 Et
301 2325 398 2419 paulo
427 2341 513 2418 post,
550 2342 658 2395 notata
688 2331 878 2398 Graecorum
904 2328 1046 2410 licentia,
1078 2330 1123 2395 ita
1151 2330 1273 2420 pergit:

236 2435 331 2501 »Sed
346 2435 457 2502 Graeci
474 2433 627 2501 viderint:
650 2435 758 2518 nobis,
778 2459 820 2506 ne,
839 2438 865 2503 si
880 2437 1042 2526 cupiamus
1054 2436 1198 2528 quidem,
1211 2436 1272 2502 dis·

234 2535 388 2604 »trahere
405 2560 498 2604 voces
519 2541 707 2607 conceditur.
753 2542 899 2608 Indicant
919 2544 1074 2608 orationes
1095 2541 1169 2607 illae
1185 2543 1271 2634 ipsae

234 2667 252 2710 »
263 2643 444 2711 horridulae
461 2645 602 2711 Catonis:
624 2646 767 2713 indicant
784 2671 891 2714 omnes
912 2664 1043 2739 poetae,
1061 2663 1184 2739 praeter
1203 2671 1271 2730 eos,

234 2774 251 2816 r>
265 2752 319 2844 qui
339 2765 375 2815 ut
394 2773 517 2816 vorsum
541 2751 692 2832 facerent,
718 2777 809 2844 saepe
831 2753 981 2821 hiabant:
1000 2770 1036 2819 ut
1052 2744 1204 2834 Naeiius,

301 2859 405 2938 Quom
421 2863 598 2944 ortrnqoam
619 2862 705 2927 votis
729 2863 818 2927 Gro‘z'i
829 2912 838 2940 ‚
865 2901 908 2910 -
926 2873 1020 2948 atquo
1040 2861 1188 2925 Ba'rbori.

234 2967 252 3024 5>
266 2960 310 3023 Ac
333 2959 451 3026 Ennius
473 2959 584 3028 semol:

300 3059 403 3149 Scipio
422 3070 545 3135 invicto.
564 3107 609 3118 --

234 3167 303 3232 »Et
326 3167 453 3257 quidem
478 3193 550 3235 nos:

299 3277 366 3341 Hoc
384 3283 472 3338 moto
487 3278 644 3342 radiantis
669 3279 797 3344 Etesiae
815 3315 860 3327 -
880 3282 916 3345 t'o
932 3281 1014 3342 codo
1030 3276 1128 3360 ponti.

235 3387 252 3443 t>
265 3379 331 3442 Hoc
354 3377 436 3444 idern
456 3378 554 3442 nostri
576 3380 698 3469 saepius
721 3403 784 3445 non
805 3377 965 3460 tulissent,
979 3376 1065 3470 quod
1077 3376 1188 3442 Graeci
1200 3373 1271 3442 lao-

234 3508 251 3549 »
266 3483 339 3550 dare
363 3482 456 3549 ctiam
472 3478 605 3547 solent.''
