3182 5014
787 610 828 674 76

297 785 360 852 Sed
384 795 544 875 receptum
561 781 729 851 verborum
750 783 892 850 ordinem
918 796 985 850 tam
1011 784 1136 876 penitus
1165 784 1333 853 immutare

295 903 330 955 et
353 878 550 956 temeraiium
571 904 633 969 est,
650 911 708 956 nec
731 887 762 955 h.
782 887 804 955 l.
822 890 1036 956 necessarium.
1070 889 1229 975 Legerim:

297 995 376 1062 Sino
381 998 519 1062 uicissim
530 1045 539 1073 ‚
552 997 608 1081 qui
618 998 707 1076 dact,
719 996 758 1062 ab
768 998 850 1063 icoc
862 1044 870 1074 ,
883 995 967 1081 quod
975 999 1070 1073 doct,
1081 997 1184 1078 operis
1194 998 1286 1062 sitien

297 1098 369 1164 Mox
388 1120 482 1164 versu
502 1101 544 1163 45
566 1120 702 1190 repono:
724 1101 835 1187 Eccos
851 1109 889 1166 ut
905 1101 982 1166 dccc
998 1101 1080 1166 milri
1091 1102 1200 1186 potior
1213 1098 1309 1185 ficri?

694 1283 920 1297 -φ-οα-

298 1411 354 1479 liis
375 1412 417 1478 ad
435 1409 582 1480 Plautum
603 1410 759 1478 adnotatis
781 1407 914 1497 subjicio
932 1411 1086 1504 quaedam
1101 1411 1140 1478 de
1156 1412 1332 1498 fragmento

299 1538 318 1581 a
339 1514 502 1604 Fulgentio
524 1536 554 1582 v.
573 1519 676 1582 oriem
691 1513 787 1578 citato
810 1534 849 1578 ex
868 1511 973 1580 Plauti
987 1517 1151 1586 -Koicistor

650 1622 736 1687 molo
753 1620 839 1684 laroc
858 1622 985 1705 clliocrs'
1001 1623 1044 1687 od
1061 1626 1174 1703 oriam,

341 1727 379 1789 rit
398 1744 524 1810 semper
540 1726 693 1812 piscator,
713 1726 774 1791 etsi
793 1724 839 1789 sit
864 1733 1033 1809 teutpertus
1051 1730 1215 1794 1111111111.

299 1829 409 1896 Nescio
426 1845 532 1923 utrum
546 1827 673 1896 aliunde
693 1829 786 1894 etiam
806 1840 933 1894 constet·
945 1821 990 1894 de
1002 1827 1184 1907 hacPlauti
1205 1830 1332 1898 Comoe-

298 1936 373 2019 dia,
398 1959 438 2002 an
457 1935 510 2003 hic
526 1938 637 2004 unicus
659 1936 699 2001 sit
719 1931 806 1999 locus
813 1947 823 2014 ;
843 1930 899 1998 ubi
919 1934 1049 2001 Kolcisti
1068 1931 1194 2002 fabulae
1214 1935 1336 2015 mentio

299 2039 362 2105 fiat.
407 2040 527 2122 Quodsi
544 2035 698 2125 Fulgentii
720 2035 898 2102 auctoritati
914 2033 1003 2101 nulla
1021 2035 1083 2105 alia
1101 2041 1247 2122 accedat,
1266 2063 1330 2108 non

301 2145 374 2212 satis
396 2159 443 2212 est
459 2167 585 2226 causae,
607 2167 663 2210 cur
684 2142 846 2208 credamus
864 2139 1012 2208 Plautum
1029 2166 1178 2238 umquam
1196 2145 1257 2214 hoc
1273 2170 1332 2214 nc-

301 2248 385 2314 mine
410 2245 550 2315 fabulam
577 2247 697 2313 dedisse
709 2270 718 2328 ;
749 2268 823 2311 nam
841 2243 924 2310 idem
944 2242 999 2313 iile
1026 2247 1226 2335 Fulgentius,
1255 2273 1332 2320 voce

300 2353 406 2440 Steoo,
427 2355 617 2444 erysctcm
633 2351 777 2430 vocavit,
810 2371 891 2440 quae
913 2347 1011 2436 vulgo
1035 2354 1124 2419 audit
1143 2357 1332 2437 Bacchides,

302 2458 450 2551 quoniam
470 2459 503 2522 in
529 2480 566 2524 ea
585 2455 746 2521 comoedia
770 2477 877 2521 servus
903 2454 1069 2545 Chrysalus
1089 2459 1207 2548 primas
1228 2473 1333 2550 partes

302 2566 374 2651 agit.
419 2562 539 2647 Quidni
565 2561 660 2647 igitur
683 2560 843 2640 dicamus,
877 2558 1073 2646 Fulgentium
1098 2562 1151 2629 hic
1170 2585 1294 2655 quoque
1314 2587 1333 2630 a

301 2670 428 2736 nomine
449 2668 531 2735 servi
554 2667 671 2758 primas
701 2667 819 2752 agentis
839 2667 1012 2734 Kolsistum
1036 2666 1150 2731 dixisse
1174 2665 1333 2749 fabulam3

302 2795 374 2838 cum
393 2771 574 2863 praesertim
591 2770 652 2837 hoc
668 2773 750 2839 servi
765 2792 880 2836 nomen
896 2771 936 2836 ab
951 2770 1070 2857 Angelo
1087 2773 1167 2859 Majo
1178 2773 1211 2837 in
1225 2773 1334 2840 codice

302 2875 507 2946 Ambrosiano
525 2891 682 2966 repertum
701 2878 742 2942 sit
761 2874 1034 2944 interVidulariae
1050 2874 1214 2968 reliquias3
1232 2879 1333 2969 suspi-

302 2981 352 3047 cio
370 2980 467 3067 igitur
487 2994 551 3061 est,
565 2979 626 3046 hoc
644 2981 853 3066 fragmentum
870 3003 909 3047 ex
926 2980 1089 3049 Vidularia
1107 3005 1173 3050 esse
1188 2983 1333 3076 desump-

302 3099 387 3166 tum,
402 3087 491 3173 cujus
510 3082 635 3151 fabulae
653 3099 884 3172 argumentum,
903 3101 940 3152 ut
957 3087 1100 3170 videtur,
1116 3085 1253 3176 multum
1263 3113 1333 3157 ver·

303 3188 430 3256 sabatur
452 3191 486 3260 in
507 3188 599 3258 rebus
619 3189 805 3281 piscatoriis.
828 3189 868 3255 cf.
890 3190 928 3257 sr.
953 3195 1002 3258 15.
