3182 5014
467 1203 1028 1308 clsTntnlltlt.

625 1453 883 1482 *Qu-—

283 1625 306 1688 1.
332 1629 347 1688 1
373 1648 418 1692 vs.
444 1628 498 1690 42:
730 1628 788 1692 itta
805 1627 857 1691 ted
873 1644 928 1709 cuo
949 1627 1030 1692 hooc
1048 1621 1272 1692 mitteremur·

283 1752 324 1797 cc
341 1731 487 1816 putribus
509 1732 715 1796 conventitiis.

238 1835 310 1900 lure
327 1837 437 1902 merito
453 1845 596 1904 amostra
611 1837 865 1921 conjecturarum
885 1834 964 1899 dixit
981 1832 1175 1914 Gronovius,
1192 1857 1272 1926 quae

240 1938 332 2005 adh.
355 1938 376 2007 l.
400 1941 461 2006 viri
483 1940 568 2006 docti
590 1941 813 2025 excogitarunt.
859 1940 991 2006 caeteris
1017 1939 1121 2006 sanior
1143 1954 1174 2006 et
1194 1964 1272 2030 pro-

238 2042 374 2111 babilior
394 2049 572 2133 conjectura
590 2061 636 2112 est
654 2044 804 2111 Acidalii:
824 2067 864 2113 ea
875 2049 1021 2131 patribus
1035 2051 1270 2126 comnteotitiis3

238 2169 312 2214 nam
335 2150 420 2241 quod
440 2151 619 2216 Gronovius
636 2149 761 2216 maluit:
781 2173 822 2218 ec
838 2153 985 2235 patribus
1005 2156 1188 2219 commeatis
1204 2174 1273 2217 ver*

240 2275 309 2318 sum
331 2254 520 2344 persumdat.
558 2255 627 2319 Non
655 2268 758 2322 tamen
778 2255 872 2320 credo
894 2278 1005 2323 verum
1024 2258 1140 2325 vidisse
1160 2255 1272 2320 Acida-

239 2355 326 2424 lium.
366 2359 452 2440 Quid
474 2360 557 2426 enim
586 2383 665 2449 opus
692 2374 758 2425 erat
779 2360 991 2428 meretricibus
1016 2378 1120 2452 patres
1146 2362 1274 2427 commi-

239 2465 319 2531 nisci
340 2465 542 2556 spuriorum?
565 2479 619 2530 aut
642 2487 721 2556 quae
744 2465 869 2536 tandem
887 2467 1047 2547 meretrix,
1071 2468 1097 2534 si
1115 2467 1185 2558 quis
1205 2489 1274 2532 eom

241 2569 403 2656 gravidam
422 2571 552 2637 fortuito
577 2571 699 2652 lecerit,
719 2568 772 2636 vel
797 2593 888 2636 verae
914 2570 1014 2662 prolis
1034 2587 1156 2663 patrem
1174 2571 1274 2662 possit

240 2681 446 2767 nuncupare?
480 2672 626 2742 Plautum
658 2676 815 2766 scripsisse
849 2679 1005 2767 suspicor:
1046 2701 1086 2745 eu
1116 2679 1274 2763 partubus

240 2785 469 2848 commentitiis.
498 2781 671 2848 Meretrices
688 2803 752 2846 non
770 2803 877 2847 revera
894 2796 1091 2874 pepererant,
1111 2784 1165 2849 sed
1177 2804 1275 2874 pepe·

240 2889 315 2954 risse
340 2910 372 2954 se
393 2884 632 2966 simulaverant,
653 2899 689 2951 ut
708 2881 895 2970 intelligitur
918 2909 956 2952 ex
979 2886 1048 2976 ipso
1074 2884 1200 2951 fabulae
1220 2907 1275 2950 ura

242 3006 397 3076 gumento.

652 3192 854 3228 ...7-

241 3316 264 3379 l.
290 3320 305 3384 1
331 3339 376 3382 vs.
401 3317 458 3378 61:

242 3423 324 3488 Meu.
342 3439 377 3485 st.
397 3422 569 3496 canocice,
590 3441 660 3486 mco
678 3422 903 3507 Gymnasium,
923 3423 1008 3486 mule
1021 3421 1101 3486 nuli
1118 3429 1177 3499 cst,
1191 3413 1276 3487 male

1118 3543 1270 3591 maceror.

244 3630 336 3714 Lego:
394 3666 397 3674 ·

239 3732 281 3796 St.
306 3731 394 3797 Moto
408 3751 463 3817 eqo
481 3733 655 3809 coerceam,
678 3740 750 3796 mec
766 3732 991 3817 Gymnasium,
1012 3732 1097 3798 mou
1115 3735 1195 3798 milti
1211 3742 1273 3811 est,

1020 3839 1105 3903 mule
1118 3839 1271 3903 moeror.

244 3943 331 4009 Molo
347 3962 407 4031 pro
427 3962 499 4006 meu
517 3936 633 4003 habent
649 3939 716 4004 llss.
734 3937 835 4005 Guelf.
857 3938 907 4034 Ad
918 3935 1093 4004 trochaicus
1106 3936 1166 4003 hoc
1181 3959 1274 4003 versu

244 4046 375 4112 transire
392 4058 534 4140 poetam,
547 4044 615 4130 jam
634 4042 782 4109 viderunt
797 4041 863 4110 alii.
889 4028 957 4108 llox
969 4044 1026 4129 (vs.
1041 4041 1096 4129 63)
1108 4055 1144 4108 ut
1154 4053 1273 4108 constet

244 4165 382 4230 caesura,
397 4145 564 4235 legendum
582 4148 725 4215 fortasse:
