3182 5014
817 647 926 709 28*

321 855 470 925 pereum,
497 838 615 929 iuquit,
641 843 718 906 dam
744 858 787 906 ae
813 840 852 906 oh
882 839 1057 926 malefacta.
1110 839 1180 904 Mox
1202 839 1234 903 in
1257 843 1355 905 vs.27

324 965 431 1008 versus
451 965 555 1009 causa·
567 955 792 1034 transponunt:
815 946 928 1011 herum
943 966 1051 1011 meum
1074 947 1126 1011 vel
1147 946 1262 1012 herum
1280 967 1356 1022 me:

325 1047 508 1135 legendum,
533 1051 566 1116 ni
591 1047 696 1115 fallor:

411 1160 466 1224 Me
487 1165 594 1222 meum
614 1156 726 1220 aarum
750 1163 879 1236 coptum
894 1173 935 1218 eo·
951 1155 1362 1242 servituteatquahorta'but

411 1261 690 1347 nummismata
714 1257 851 1322 liberum
875 1259 912 1322 ta
934 1261 1131 1340 putriuruud
1147 1270 1281 1344 patrem.

325 1364 405 1431 illud
435 1387 488 1431 me
517 1386 611 1455 quam
643 1357 736 1426 facile
754 1359 857 1424 omitti
878 1362 1018 1449 potuerit
1033 1361 1063 1428 h.
1081 1361 1101 1428 l.
1118 1385 1210 1429 nemo
1229 1386 1294 1430 non
1310 1365 1359 1429 vi·

325 1471 388 1538 det.
431 1469 596 1535 Exciderat
628 1486 753 1558 quoque
785 1462 899 1555 Amph.
932 1465 1010 1530 11‚2
1040 1489 1085 1533 vs.
1116 1472 1176 1551 43,
1199 1468 1255 1535 ubi
1284 1493 1356 1536 cum

324 1573 538 1638 Linderuanno
570 1569 756 1657 legendum:
788 1573 890 1656 mapir
917 1591 1005 1637 uuae
1026 1587 1069 1634 tm
1090 1593 1197 1640 meum
1219 1574 1356 1659 offiar‘um

323 1682 439 1765 [acere.

707 1865 941 1872 ——..--.--·-—-·-

367 1970 420 2038 IV.
444 1973 463 2035 2
488 1993 532 2036 vs.
559 1975 608 2036 19.

369 2077 459 2158 Quae
476 2077 570 2143 turer
592 2077 744 2143 ominum
764 2087 834 2144 ert?
863 2097 942 2142 uum
961 2086 1081 2163 aequae
1103 2082 1217 2145 mirari
1238 2083 1325 2148 sotis,

324 2179 437 2246 Versus
460 2179 526 2269 ipse
545 2179 654 2259 docet,
671 2175 761 2244 aliter
781 2165 847 2245 es'se
867 2179 1138 2265 distinguendum:

369 2288 458 2368 Quae
485 2287 578 2351 illaec
612 2283 763 2352 emiadtio
786 2296 834 2352 ert
864 2298 964 2352 uum?
986 2295 1105 2371 nequeo
1134 2288 1250 2354 mirari
1276 2289 1357 2353 rotis

324 2389 344 2454 i.
363 2413 391 2456 e.
417 2411 577 2477 quaenam
596 2395 688 2459 illaec
710 2396 861 2460 emiaotio
884 2404 956 2458 est?
1000 2395 1062 2458 Nee
1082 2413 1282 2484 quemquam,
1300 2389 1355 2481 qui

324 2492 469 2561 Plautum
487 2492 668 2575 lectitavit,
689 2495 864 2563 morabitur
880 2495 957 2562 haec
977 2495 1150 2587 particulae
1169 2519 1247 2563 aum
1259 2494 1359 2561 collo-

324 2599 415 2663 catio.
459 2599 609 2666 Similiter
624 2601 657 2665 in
676 2600 789 2692 Amph.
815 2602 852 2666 11.
882 2608 897 2665 1
925 2623 971 2667 vs.
995 2606 1053 2681 45,
1071 2624 1143 2666 eum
1165 2599 1333 2686 legeretur:

369 2705 438 2785 Quo
460 2706 514 2784 ed,
539 2709 685 2785 maium,
707 2709 799 2791 paeto
818 2716 940 2790 potest3
964 2729 1042 2772 uam
1054 2715 1354 2791 meeumurpomeu-

1206 2814 1248 2888 tis
1267 2821 1355 2894 puto.

325 2912 504 2978 Gronovius
540 2912 636 2980 solius
666 2914 838 2979 sententiae
875 2913 955 2979 vitio
995 2913 1128 2993 ductus,
1166 2903 1240 3003 post
1279 2935 1358 2980 uum

324 3019 478 3099 distinxit,
501 3041 593 3086 versu
617 3019 737 3104 egregie
758 3015 962 3109 approbante.
1007 3017 1057 3083 Ad
1081 3039 1152 3083 eum
1169 3015 1274 3084 locum
1296 3016 1357 3082 hu·

320 3125 374 3212 jus
405 3121 573 3192 locutionis
605 3117 746 3212 exempla
778 3143 900 3212 ponens
932 3121 983 3186 vir
1017 3120 1233 3210 doctissimum
1262 3122 1354 3190 nobis

324 3254 360 3298 ea
382 3228 552 3317 colligendi
571 3228 670 3294 otium
690 3230 773 3296 feeit.

717 3413 957 3425 ..—·-.——-·--..—

367 3525 422 3592 IV.
449 3524 469 3586 2
492 3547 541 3590 vs.
567 3529 618 3592 50.

368 3633 456 3695 Heus
477 3630 533 3696 abi
553 3634 658 3697 estis?
682 3639 787 3722 eequis
808 3641 992 3738 'reeuperit
1011 3645 1155 3711 ostium?

369 3735 430 3800 Hr'u
462 3733 554 3799 tom
585 3737 628 3799 od
655 3757 785 3806 romaum
806 3747 916 3830 recipit
934 3769 970 3814 se
994 3752 1036 3813 od
1057 3771 1119 3817 mo.
1145 3787 1186 3800 -
1217 3748 1354 3831 A‘perite

1004 3851 1101 3918 horre
1121 3853 1234 3916 umbos
1254 3852 1349 3935 fores.

327 3943 464 4008 Priorem
497 3966 622 4010 versum
658 3947 745 4032 justo
776 3947 952 4019 breviorem
991 3953 1152 4046 supplevit
1197 3955 1353 4035 Weisius,

326 4049 510 4138 interposito
527 4048 625 4118 verbo
643 4056 779 4137 aperito,
798 4054 980 4149 adscitoque
997 4083 1015 4124 a
1034 4054 1185 4124 Lambino
1202 4084 1264 4130 aus.

357 4157 444 4222 Heus
463 4157 610 4224 obtortis
634 4158 708 4224 aas!
727 4163 868 4242 operito!
888 4165 991 4246 eequis
1010 4164 1067 4230 hoe
1086 4165 1330 4247 apameorum.
