3182 5014
728 638 766 702 91

232 827 403 916 intelliges,
437 829 463 896 si
489 830 588 915 lingas
616 831 787 898 Sostratam
807 816 1064 923 jam'antequam
1088 832 1119 897 in
1138 853 1262 898 scenam

231 937 397 1029 prodiisset
423 937 506 1002 intus
542 937 688 1002 maritum
717 958 808 1001 suum
835 934 1021 1026 objurgasse.
1052 939 1134 1004 llaec
1166 939 1263 1025 igitur

232 1041 461 1134 simplicissima
476 1055 507 1108 et
528 1040 662 1106 maxime
683 1039 834 1108 naturalis
851 1057 897 1108 est
914 1040 1008 1131 hujus
1029 1039 1091 1107 loci
1112 1043 1264 1134 interpre-

233 1149 327 1227 tatio,
346 1168 440 1239 quam
454 1166 519 1209 non
545 1145 705 1233 corrumpi
722 1157 752 1210 et
770 1143 933 1226 offirscari,
956 1147 1010 1213 sed
1032 1148 1173 1237 adjuvari
1188 1172 1264 1214 eon·

229 1254 349 1337 jectura
372 1266 404 1318 et
427 1249 622 1317 corroborari
649 1266 789 1340 oportet,
813 1251 983 1345 eademque
1012 1275 1107 1344 opera
1137 1276 1263 1321 versum

231 1358 313 1450 pede
342 1357 554 1424 abundantem
587 1355 745 1423 emendari
772 1380 893 1424 necesse
926 1373 984 1425 est.
1042 1363 1125 1426 Haec
1157 1362 1263 1425 omnia

234 1477 417 1530 consecutus
433 1463 544 1544 fueris,
560 1464 586 1528 si
603 1467 721 1554 prend
737 1466 896 1549 integrum
910 1464 1067 1553 scripseris
1079 1469 1264 1550 dairrtepro:

233 1571 303 1636 Imd
314 1573 489 1656 sciapodas
500 1569 596 1656 quom
606 1570 734 1654 quidem
745 1571 896 1636 redentde
906 1571 1027 1655 integro
1039 1575 1146 1638 eudem
1157 1572 1266 1637 ordtt'o.

1115 1674 1166 1737 So.
1183 1671 1264 1738 Oh!

233 1780 284 1844 De
304 1781 425 1865 integro
453 1800 544 1869 saepe
572 1776 657 1868 apud
679 1792 840 1859 nostrum,
863 1781 1084 1864 adintegratur
1107 1800 1148 1844 ne
1172 1777 1265 1845 semel

234 1881 369 1972 quidem.
413 1883 474 1950 Sed
500 1883 583 1964 dices
614 1883 744 1948 sortasse
765 1881 982 1948 violentiorem
1004 1881 1086 1947 banc
1108 1905 1173 1949 esse
1191 1906 1267 1948 con-

230 1989 400 2074 jecturam,
426 2009 483 2052 nec
513 2009 578 2052 esse
605 1985 764 2066 credibile,
783 1985 926 2052 librarios
954 1988 1106 2053 notiorem
1133 1989 1265 2055 sormam

234 2097 273 2160 do
302 2095 421 2176 integro
453 2091 489 2182 in
517 2092 621 2157 minus
650 2107 758 2157 notam
791 2096 833 2158 ad
864 2095 1022 2177 integrum
1053 2109 1265 2159 commutasse.

233 2197 341 2260 Restat
360 2195 454 2278 igitur
476 2209 511 2260 ut
531 2193 693 2262 luculento
712 2193 855 2285 exemplo
881 2194 1043 2260 ostendam
1060 2200 1100 2263 do
1119 2210 1149 2262 et
1173 2200 1215 2262 ud
1232 2195 1265 2259 in

234 2300 301 2365 tiss.
311 2297 403 2365 facile
411 2299 562 2366 confundi
574 2300 721 2391 potuisse.
744 2299 838 2390 Apud
848 2313 990 2366 nostrum
1000 2298 1096 2366 Andr.
1104 2300 1127 2364 l.
1139 2302 1212 2366 2vs.
1225 2301 1266 2364 18

235 2418 306 2470 ante
328 2402 501 2493 BentleJum
524 2403 622 2491 vulgo
644 2403 820 2491 legebatur:

276 2513 432 2578 Ntmclatc
445 2499 725 2577 uterattomvttam
748 2512 862 2596 adfert,
886 2509 966 2575 atos
978 2529 1082 2575 mores
1095 2510 1243 2594 postulat.

235 2636 341 2679 omnes
365 2615 493 2679 omnino
515 2611 590 2678 libri
615 2614 683 2679 blss.
706 2610 789 2677 hano
811 2609 977 2678 lectionem
999 2627 1177 2679 constanter
1196 2626 1269 2677 tue-

234 2717 370 2800 buntur3
387 2739 445 2782 nec
462 2715 628 2808 quisquam
646 2731 727 2796 erat,
745 2716 801 2808 qui
820 2714 934 2782 vitium
957 2716 1149 2797 odoraretnr3
1168 2716 1267 2781 donec

235 2819 392 2908 Bentlejus
415 2843 453 2886 ex
474 2821 620 2888 Cicerone
641 2845 748 2887 veram
770 2819 936 2885 lectionem
959 2819 1110 2912 protulit:

235 2931 328 2996 Nunc
350 2930 402 2994 tto
423 2932 490 2995 dios
512 2930 610 2994 olium
631 2929 730 2992 attam
752 2929 863 3014 desert,
889 2929 969 2993 titios
992 2947 1096 2994 rueras
1114 2928 1265 3010 pustulat.

237 3054 300 3122 qua
318 3030 453 3098 lectione
472 3047 503 3098 et
515 3031 636 3096 numeri
654 3047 688 3096 et
710 3054 815 3097 sensus
847 3045 911 3097 tam
932 3034 1052 3117 egregie
1072 3043 1270 3097 sutentantur

237 3152 268 3206 et
284 3138 466 3224 eriguntur,
485 3153 521 3203 ut
541 3159 668 3229 prorsus
689 3136 828 3202 dubitari
848 3160 911 3201 non
932 3137 1102 3227 possimus,
1127 3134 1203 3226 quin
1223 3134 1268 3200 sic

236 3243 397 3312 Terentius
420 3242 586 3332 scripserit.
628 3242 713 3323 Quid
739 3243 820 3307 inter
840 3257 1004 3333 utramque
1023 3240 1187 3308 lectionem
1216 3240 1270 3304 in-

238 3361 363 3414 teresset
385 3348 470 3438 quod
493 3349 533 3412 ad
556 3370 717 3427 numeros,
744 3346 864 3433 egregie
889 3346 996 3410 docuit
1016 3343 1191 3433 Bentlejus3
1214 3345 1269 3410 sed

238 3450 279 3520 ad
300 3452 483 3518 sententium
503 3476 627 3546 quoque
654 3455 720 3544 ipse
746 3452 852 3532 vides,
879 3448 980 3517 multo
1009 3447 1179 3536 elegantius
1204 3472 1270 3516 esse

238 3559 347 3654 desert.
377 3555 456 3622 Nem
476 3560 580 3644 adfert
597 3556 629 3624 h.
648 3556 672 3624 l.
693 3557 881 3644 significaret
897 3568 1006 3642 sponte
1023 3577 1084 3622 suu
1103 3561 1158 3624 dut
1175 3558 1270 3623 etiam

237 3659 364 3729 nolente
392 3673 423 3726 et
454 3660 555 3726 inrito
582 3659 664 3739 lilio,
695 3662 781 3754 quod
806 3676 838 3728 et
862 3683 918 3752 per
937 3683 969 3728 se
989 3661 1131 3750 ineptum
1149 3675 1213 3741 est,
1238 3675 1270 3726 et

239 3767 314 3859 quia
336 3764 477 3856 sequitur
496 3767 530 3832 in
548 3789 594 3832 vs.
614 3771 654 3833 19
672 3765 726 3834 illa
746 3768 787 3833 ad
806 3769 927 3834 Davom
938 3767 1124 3847 admonitio,
1139 3776 1176 3832 ut
1182 3765 1270 3850 filius

231 3874 307 3959 jam
327 3874 437 3937 redeat
456 3874 491 3940 a'u
512 3875 614 3954 oium,
642 3896 721 3964 quae
741 3873 785 3938 sic
805 3871 900 3964 plene
921 3887 1000 3941 esset
1021 3893 1270 3964 supervacanea3

239 3977 341 4062 desert
363 3987 473 4040 contra
495 3973 576 4042 idern
595 3977 658 4042 iere
680 3991 727 4044 est
752 3977 838 4069 quud
863 3983 1012 4058 maudut,
1035 3982 1164 4055 suadet,
1189 3996 1272 4041 coru-

239 4083 383 4157 moudct,
400 4076 495 4170 idque
512 4101 618 4148 sensus
634 4081 701 4171 ipse
718 4081 848 4173 requirit
864 4096 895 4149 et
912 4105 1042 4175 sequens
1057 4086 1204 4169 postulat.
1226 4081 1271 4146 Eo

240 4184 335 4270 igitur
354 4182 442 4264 loco,
464 4183 580 4276 absque
597 4185 744 4254 Cicerone
760 4202 853 4267 esset,
875 4187 968 4254 etiam
987 4190 1082 4258 hodie
1100 4187 1269 4278 legeremus
