3182 5014
676 719 815 811 or

59 939 63 951 ’
181 941 276 1023 plau
297 951 391 1030 atque
405 938 449 1004 ite
468 938 553 1030 cepit
565 937 739 1027 Bentlejus,
757 953 788 1005 et
802 939 870 1026 jam
888 950 959 1004 ante
978 937 1139 1016 Donatus,
1162 938 1216 1029 qui

182 1041 264 1110 niala
294 1043 354 1109 hac
372 1045 627 1135 interpretatione
643 1045 797 1125 irretitus,
828 1042 901 1110 satis
928 1043 1091 1110 commode
1111 1059 1214 1110 tamen

182 1149 401 1239 aeexpedivit‚
424 1149 465 1214 ad
476 1153 635 1237 εἰρωνείαν
647 1150 836 1235 confugiens.
858 1148 977 1236 lnjuria
990 1149 1217 1235 igituraBent-

182 1251 243 1342 lejo
261 1253 499 1344 reprehenditur
517 1255 663 1339 magister
682 1253 842 1339 egregius,
863 1252 952 1343 quasi
972 1253 998 1318 is
1015 1255 1118 1338 placet
1133 1253 1215 1320 idem

181 1359 353 1445 significare
368 1361 528 1451 putaverit
544 1382 581 1425 ao
596 1361 759 1444 dieplioot;
782 1380 857 1423 nam
884 1371 987 1424 erest
1016 1357 1134 1423 ironiae
1155 1379 1214 1424 na-

180 1475 271 1542 tura,
300 1475 336 1526 nt
365 1460 452 1528 aliud
475 1463 576 1543 dieas,
612 1461 698 1528 aliud
712 1459 886 1547 intelligas.
914 1459 1020 1527 Altera
1036 1459 1122 1526 hune
1144 1484 1213 1528 ver·

180 1590 248 1634 sum
273 1565 452 1658 explicandi
482 1570 562 1634 ratio
592 1583 655 1649 est,
686 1581 722 1633 nt
744 1572 853 1634 minue
872 1567 986 1632 arctius
1003 1569 1212 1654 conjungatur

179 1696 251 1738 eum
278 1671 374 1739 verbo
398 1677 519 1759 ploret,
541 1674 584 1738 ita
603 1686 640 1738 ut
656 1671 775 1738 locutio
794 1670 868 1738 illa:
890 1691 957 1738 aon
979 1673 1036 1738 tibi
1056 1676 1138 1739 illud
1153 1678 1213 1738 mi·

178 1799 242 1845 nur
268 1781 371 1863 ploret
394 1778 476 1844 idem
505 1778 670 1864 significet,
703 1777 790 1870 quod
824 1797 889 1844 non
916 1778 973 1843 tibi
1000 1779 1079 1843 iliud
1110 1781 1212 1863 mauis
1266 1830 1269 1837 .

179 1887 329 1968 dirpiioet.
373 1884 412 1950 Et
441 1883 518 1950 haec
541 1883 669 1975 qundem
694 1881 773 1948 mihi
801 1905 876 1948 vera
897 1881 1023 1948 ridetur
1037 1879 1100 1947 loci
1116 1882 1212 1950 inter-

177 1986 335 2076 pretatio,
369 2009 464 2079 quam
489 1987 599 2054 suadet
624 1988 718 2053 etiam
746 1989 814 2078 ipsa
847 1984 1014 2053 verborum
1032 1981 1206 2051 collocatio.

180 2091 241 2155 Sic·
257 2093 407 2160 sententia
419 2093 585 2184 perspicua
598 2107 662 2172 est,
685 2117 741 2160 nee
756 2094 928 2186 quidquam
937 2101 1057 2155 mutare
1066 2104 1111 2155 est
1120 2112 1208 2181 opus.
