3182 5014
700 615 742 674 33

213 811 244 866 et
267 801 363 892 (quod
386 804 590 869 certissimum
613 803 669 892 est)
689 798 891 870 Bacchiacos:

345 909 415 975 Titi
436 913 492 995 qai
512 913 663 998 saccati,
685 914 804 989 amm,
829 913 1058 990 semisomnos,

342 1015 436 1100 offdrt
452 1019 613 1099 potionem
634 1027 665 1085 ot
686 1023 736 1088 ted
755 1022 783 1085 s't
802 1021 961 1084 seddtom.

211 1138 290 1204 qnos
319 1140 383 1210 quo
400 1121 472 1206 jure
499 1120 633 1188 Weisius
664 1134 846 1213 anapaestos
867 1121 969 1187 dicere
997 1121 1153 1212 potnerit,
1176 1143 1246 1188 non

209 1221 360 1309 intelligo.
404 1225 582 1315 Sequuntur
612 1248 651 1291 ex
681 1225 819 1313 ejusdem
847 1225 909 1291 viri
938 1226 1089 1292 sententia
1115 1227 1240 1306 Cretici,

211 1352 344 1422 quorum
369 1352 427 1417 ego
457 1331 594 1421 primum
625 1332 765 1423 suspicor
791 1330 914 1397 duobus
935 1344 1077 1396 constare
1099 1329 1244 1398 versibus

210 1431 405 1500 Dochmiacis
429 1432 467 1522 (⁴)

299 1541 403 1622 Qoom
426 1541 517 1624 ldoqe
537 1540 558 1602 ά
577 1559 628 1604 mo
648 1539 758 1605 αἰνέσω
800 1536 807 1626 Ι
844 1540 910 1605 Hoc
930 1542 1037 1607 Idmon
1054 1546 1145 1609 etde!

211 1657 382 1734 sequuntur
394 1641 457 1708 duo
466 1643 586 1724 Cretici,
606 1643 645 1710 de
654 1643 769 1736 quibus
777 1642 900 1710 nullum
912 1661 1016 1736 potest
1027 1670 1091 1715 esse
1101 1645 1242 1714 dubium.

629 1847 857 1858 -ιψ--ρ--μ-

253 1971 292 2036 11.
319 1977 337 2036 3
364 1995 406 2038 vs.
431 1975 488 2039 26:

208 2077 1242 2164 Hoddmopiscopis,quomcontempto.-Ome'eopportoaitos!

209 2181 336 2249 Versum
360 2191 504 2247 ruentem
515 2202 573 2266 ego
592 2181 828 2247 sustentandum
855 2181 967 2263 oredo,
987 2180 1150 2248 inserendo
1166 2203 1239 2271 pro-

208 2288 333 2352 nomine
351 2309 417 2366 mo,
436 2285 522 2378 quod
540 2308 597 2375 per
620 2285 804 2350 sententiam
824 2286 879 2352 rix
904 2283 1009 2352 abesse
1030 2299 1143 2376 potest.
1172 2285 1238 2370 Le-

208 2391 343 2477 gendum
369 2393 465 2478 igitur
487 2391 591 2457 oredo:

169 2545 174 2552 .
207 2497 301 2562 Haeo
315 2519 365 2564 nro
380 2503 481 2586 mopis
493 2499 594 2582 copis,
610 2518 707 2584 quom
720 2505 754 2563 te
765 2517 820 2583 090
833 2499 932 2582 capio.
952 2535 996 2544 -
1006 2497 1110 2562 Oeneo
1123 2517 1236 2580 oppor-

1097 2604 1235 2670 trinitas!

587 2790 647 2798 -..-
652 2787 817 2798 m--a--a

249 2909 299 2977 IV.
324 2912 352 2972 3.
384 2907 495 2974 Tribus
516 2907 609 2998 hujus
630 2931 738 2977 scenae
763 2908 839 2975 locis
858 2907 1010 2975 medelam
1031 2909 1124 2976 affere
1143 2931 1236 2974 eona·

206 3013 274 3080 hor.
310 3015 349 3078 Et
372 3015 509 3104 primum
530 3015 657 3106 quidem
681 3017 713 3080 in
733 3037 777 3080 vs.
801 3020 837 3094 5,
854 3013 909 3080 ubi
927 3012 1057 3102 legitur:

249 3123 320 3188 Non
342 3123 451 3206 edepol
471 3143 557 3188 auno
576 3131 630 3206 epo
653 3132 682 3188 to
702 3124 852 3187 mediocri
874 3130 974 3186 macto
994 3120 1167 3204 informatio

204 3248 311 3306 nemo,
329 3226 384 3318 qui
407 3222 615 3305 amoenabat,
633 3246 697 3290 non
718 3223 865 3290 offendet.
904 3224 999 3302 Unus,
1017 3220 1103 3312 quod
1121 3219 1233 3298 sciam,

204 3331 334 3400 Bothius
353 3355 552 3400 numerorum
571 3333 766 3425 asperitatem
782 3330 880 3400 lenire
891 3344 1019 3397 conatus
1031 3340 1077 3393 est
1087 3338 1234 3415 transpo-

203 3437 324 3504 nendo:
346 3443 561 3514 mediocrite:
583 3440 627 3503 sic
647 3451 750 3502 autem
767 3441 916 3503 mediocri
924 3430 1120 3523 trisyllabum
1133 3430 1234 3496 facere

204 3543 361 3628 cogimur,
390 3541 475 3634 quod
504 3564 566 3607 non
595 3541 716 3607 idoneis
741 3537 890 3630 exemplis
918 3537 1105 3604 defenditur.
1153 3534 1261 3603 Vide.

203 3649 300 3734 igitur
323 3670 363 3712 an
385 3670 449 3713 non
474 3648 518 3713 sic
537 3646 694 3737 scripserit
711 3642 853 3710 Plautus:

247 3755 319 3820 No'o
336 3756 444 3837 edepol
460 3773 516 3838 eqo
533 3755 617 3816 odrae
637 3751 787 3814 acediosae·
808 3751 910 3814 mdcto
923 3758 952 3814 ta
970 3749 1163 3833 infortunio,

245 3858 308 3924 Sed
329 3877 420 3941 oopso
439 3860 513 3938 telo,
537 3861 596 3942 qdo
614 3863 752 3920 naoctoro
771 3853 871 3930 soleo,
894 3856 970 3938 qooi
986 3854 1035 3916 cd
1053 3849 1154 3914 debeo.

1203 3964 1219 3992 ἱ

200 4019 428 4030 ...Μ-..ι-

239 4103 268 4169 (⁸)
287 4106 453 4158 Dochmlacos
472 4108 545 4166 dico,
570 4107 819 4166 brectanorum
843 4121 904 4157 nam
922 4115 1092 4155 numerorum
1111 4106 1240 4152 naumann
1268 4087 1272 4096 ¹

204 4189 226 4237 sl
244 4194 359 4254 spectes,
377 4189 478 4242 dicendi
495 4196 570 4242 erant
587 4191 693 4243 sortasse
711 4192 843 4242 bacchias!
861 4189 965 4241 dimetri
984 4187 1139 4236 catalectici.
