3182 5014
760 649 800 712 19

263 836 445 918 suetudine;
484 835 597 902 deinde
623 839 825 924 complectere
860 835 941 904 male
963 839 1047 904 acuit
1076 838 1300 930 penultimam,

264 961 422 1038 postremo
443 956 613 1034 sequuntur
635 956 696 1008 tres
713 939 852 1032 syllabae
874 943 1040 1010 continuae
1058 945 1123 1012 ictu
1142 963 1298 1014 carentes:

265 1073 302 1118 rc
332 1053 414 1138 soci,
444 1047 531 1139 quod
553 1070 725 1138 numquam
750 1049 835 1139 apud
849 1049 994 1114 Plautum
1017 1050 1051 1116 in
1079 1051 1220 1139 jambicis
1246 1065 1302 1118 aut

266 1155 453 1238 trochaicis,
487 1156 547 1233 nisi
570 1153 687 1246 paucis
715 1157 748 1221 in
770 1154 911 1223 versibus
926 1157 1095 1250 corruptis,
1124 1157 1179 1248 qui
1195 1170 1300 1222 tamen

265 1285 373 1330 omues
385 1263 448 1329 fere
464 1265 532 1350 jam
548 1277 621 1328 sunt
638 1263 803 1330 emendati
848 1264 885 1328 Iu
905 1279 1013 1329 nostro
1034 1261 1105 1330 loco
1126 1284 1301 1352 pronomen

265 1373 348 1437 milri
363 1383 533 1460 utcumque
551 1367 651 1460 priori
669 1368 773 1436 versui
804 1366 1030 1460 applicandum
1056 1367 1200 1450 videtur,
1217 1382 1249 1434 et
1267 1368 1301 1433 in

265 1472 364 1542 altero
380 1497 474 1542 versu
495 1473 676 1560 legendum:

311 1581 523 1664 Compescere
547 1601 599 1646 ete
614 1593 675 1645 etc.
769 1664 772 1670 Ι
898 1665 899 1672 ¹

266 1668 337 1748 trix
364 1684 398 1748 in
419 1671 511 1748 versu
537 1681 702 1750 57'mir0r
730 1680 864 1748 editores
890 1704 951 1772 pro
974 1705 1027 1752 mc
1045 1703 1110 1748 non
1128 1681 1301 1774 reposuisse

272 1800 322 1869 te,
338 1786 425 1879 quod
448 1801 522 1854 sane
547 1783 867 1878 postulat'sententia.
886 1788 922 1853 ci
935 1810 981 1854 vs.
1002 1790 1064 1854 106
1081 1810 1148 1879 sqq.
1255 1829 1256 1832 =

267 1891 381 1963 Versus
403 1896 447 1964 74
464 1894 507 1960 ito
521 1893 650 1960 fortasse
670 1888 819 1977 legendus
834 1897 850 1957 :³

268 2001 419 2066 Domeos
436 2000 575 2077 ocellos,
599 2003 871 2077 succrescentes
886 1999 1034 2076 coimus,
1058 2017 1131 2064 meo
1137 1999 1302 2080 eolrtptost

268 2103 343 2172 nam
364 2123 456 2195 saepe
477 2101 563 2196 apud
581 2098 727 2168 Plautum
749 2101 964 2168 nominativus
986 2099 1126 2168 vocativi
1151 2097 1222 2166 loco
1240 2117 1302 2190 po*

268 2209 364 2276 nitur.

657 2397 918 2408 ...-—-.----.

271 2563 273 2570 ι
314 2517 397 2584 Grex
419 2537 464 2583 vs.
481 2520 512 2584 6.

291 2626 414 2692 Remos
438 2628 604 2712 impetrem
619 2643 736 2714 posce,
761 2628 792 2692 se·
804 2627 956 2709 ptoescm
974 2613 1020 2694 sie
1039 2629 1162 2696 olorem
1183 2629 1278 2694 dotis.

314 2731 469 2812 Weisius‚
498 2744 534 2798 ut
564 2753 673 2800 versus
701 2745 877 2813 constaret,
908 2755 968 2824 pro
993 2737 1041 2802 sic
1069 2729 1146 2820 legit
1176 2733 1243 2813 hic;
1271 2741 1303 2796 at

271 2833 399 2904 Plautus
418 2837 484 2902 sine
500 2835 713 2902 controversia
733 2838 915 2928 scripserat:

268 2959 272 2969 ·
315 2942 438 3006 camur
459 2943 627 3025 impetrari
650 2961 767 3024 posse,
792 2947 945 3026 picticum
972 2945 1003 3008 εἰ
1021 2945 1144 3008 olorem
1166 2943 1259 3010 cacis.

269 3067 310 3112 cx
328 3049 494 3112 siclorum
518 3047 673 3131 geminata
692 3045 782 3112 litera
806 3068 913 3114 ccum
938 3047 1056 3112 factum
1077 3058 1154 3112 esset
1172 3049 1219 3113 sic
1239 3048 1304 3111 cta·

272 3171 362 3229 com,
398 3147 518 3218 librarii
539 3165 648 3242 postea
663 3173 771 3220 sensus
793 3150 944 3222 fulciendi
966 3151 1085 3237 gratia,
1107 3147 1178 3216 loco
1201 3147 1303 3214 alieno

272 3267 464 3320 cntrtuerunt
485 3259 525 3322 εἰ.
