3182 5014
897 577 937 640 54

389 757 483 841 ogis?
510 753 562 822 cui
589 775 647 820 nec
680 753 869 844 respondent
898 750 1101 844 Demiphonis
1126 747 1244 818 verha:
1261 753 1425 839 quidest?

388 858 470 942 Lego
492 879 531 923 ex
549 858 736 938 certissima,
758 872 795 924 ut
811 856 891 924 mihi
914 857 1040 949 quidem
1052 855 1199 936 videtur,
1222 855 1426 924 correctione:

388 965 465 1046 quid
486 965 559 1027 oia?
578 961 632 1026 Est
654 963 730 1026 haec
748 960 872 1048 elegans
888 959 1038 1041 formula,
1061 961 1123 1054 qud
1143 960 1296 1027 nescioan
1315 957 1422 1026 nullus

388 1078 530 1130 veterum
555 1065 743 1154 scriptorum
771 1079 894 1156 praeter
912 1062 1059 1130 Plautum
1080 1061 1141 1130 hoc
1168 1087 1260 1131 sensu
1278 1087 1351 1131 usus
1372 1065 1421 1132 sit.

389 1171 550 1258 Significat
582 1171 665 1237 idem
695 1168 758 1238 sere
776 1173 863 1263 quod
886 1174 966 1238 heus
988 1180 1046 1238 ta!
1068 1183 1099 1236 et
1119 1175 1242 1237 aaudiat
1285 1171 1424 1235 Utuntur

389 1302 443 1360 ea,
477 1279 532 1370 qui
567 1275 689 1370 aliquid
715 1277 870 1364 rogaturi,
904 1273 1040 1368 aliquem
1074 1289 1194 1341 attento
1221 1297 1286 1341 esse
1308 1272 1425 1362 jubent

390 1386 504 1452 animo.
549 1385 752 1476 Perspicuum
783 1384 845 1450 hoc
875 1383 912 1449 fit
944 1406 983 1450 ex
1015 1380 1162 1474 plurimis
1190 1376 1348 1470 exemplis.
1370 1379 1423 1444 Sic

389 1514 418 1558 e.
444 1515 472 1577 g.
496 1491 528 1556 in
546 1488 659 1555 Bacch.
677 1488 716 1558 V.
736 1491 756 1552 2
775 1511 824 1554 vs.
849 1491 902 1569 36,
923 1485 1095 1552 Philoxeno
1120 1484 1259 1564 dicente,
1278 1487 1424 1572 quiduis

390 1609 426 1661 ta
445 1596 566 1661 homo?
600 1589 773 1658 Nicobulus
793 1594 882 1684 quasi
903 1594 1030 1658 nomine
1049 1613 1106 1658 suo
1123 1589 1426 1683 compellatuacon-

389 1698 480 1762 tinuo
508 1693 653 1783 subjicit:
681 1699 758 1782 quid
779 1718 831 1764 mc
852 1701 926 1763 ais?
947 1697 999 1762 Sic
1019 1697 1100 1761 infra
1119 1718 1316 1789 quoquervs.
1342 1699 1423 1776 118,

390 1825 464 1867 cum
484 1799 640 1891 Demipho
664 1801 704 1865 ad
729 1799 899 1867 Charinum
918 1799 1063 1866 dixisset:
1084 1807 1161 1888 quid
1182 1809 1253 1870 cis?
1268 1802 1302 1866 in
1321 1815 1426 1868 mente

389 1905 510 1972 habens
531 1907 634 1997 ipsam
657 1907 790 1994 adjicere
816 1907 1105 1992 interrogationem,
1127 1904 1182 1972 ille
1204 1906 1307 1973 dicere
1330 1928 1424 1972 occu-

388 2027 464 2104 pat:
487 2016 665 2080 communia
689 2015 769 2080 mihi
783 2017 842 2080 illc
864 2025 913 2081 cst
932 2035 1005 2082 cnm
1027 2019 1110 2094 clio,
1129 2015 1183 2080 cui
1200 2036 1306 2090 rursus
1317 2036 1425 2094 senex,

385 2121 500 2206 prior,
533 2117 656 2208 inquit,
690 2120 861 2202 respondes
890 2139 1094 2205 quaarrogo.
1117 2117 1439 2184 clericatum„

390 2226 467 2290 2vs.
496 2226 559 2288 156
579 2236 611 2288 et
629 2225 712 2302 159,
734 2222 826 2288 Poen.
849 2223 875 2288 1.
897 2245 942 2290 vs.
969 2228 1041 2306 130,
1062 2224 1152 2289 Truc.
1174 2223 1198 2288 1.
1222 2224 1298 2288 2vs.
1320 2223 1372 2302 28,
1394 2233 1428 2286 et

285 2361 287 2368 π
389 2329 515 2421 passim.
539 2328 624 2393 Trin.
647 2325 700 2394 IV,
724 2331 743 2392 2
766 2349 816 2394 vs.
842 2330 922 2393 108:

434 2437 517 2518 er'al
546 2436 596 2500 cis
625 2442 662 2499 tc
691 2441 797 2498 annot
827 2433 856 2498 sl
876 2433 958 2518 sorte
980 2453 1110 2518 occepso
1133 2433 1336 2498 Ohdrmidem
1357 2451 1427 2498 core

1283 2538 1425 2620 sperent

389 2643 464 2724 uhi,
498 2641 638 2733 quonian
666 2639 745 2707 mihi
774 2638 872 2707 verba
901 2651 935 2707 tu
957 2661 1044 2708 acac
1058 2638 1190 2706 mirifice
1206 2637 1357 2726 languere
1379 2638 1424 2702 vi·

391 2747 523 2827 dentur,
545 2746 591 2811 ita
613 2747 791 2832 distinguo:

437 2852 521 2933 Quid
541 2854 614 2918 cist
636 2863 672 2918 tc
693 2871 780 2918 acac
800 2853 832 2918 ai
850 2853 933 2937 sorte
955 2861 1009 2918 etc.

391 2955 472 3021 Hinc
480 2952 692 3020 emendandus
703 2954 827 3022 Po'en.I.
838 2959 913 3021 2vs.
928 2951 1065 3042 139(ubi
1070 2957 1139 3043 jam
1147 2950 1279 3020 Bothius
1286 2953 1426 3042 reposuit

391 3063 553 3150 quiduis?
576 3057 739 3146 vulgatam
750 3059 832 3128 male
843 3060 1029 3128 defendente
1037 3055 1168 3148 Weisio)
1181 3071 1212 3123 et
1227 3054 1383 3124 stichlv.
1395 3059 1424 3122 2.

393 3190 438 3234 vs.
455 3169 515 3245 35,
537 3188 632 3259 quem
655 3163 760 3232 locum
772 3169 819 3233 ita
832 3169 1019 3260 interpretor
1028 3189 1040 3252 εΙ
1059 3165 1267 3255 Epignomus,
1281 3174 1317 3226 ut
1327 3162 1427 3248 magis

390 3273 485 3340 etiam
495 3270 588 3338 ludos
600 3272 715 3338 faceret
724 3274 915 3363 parasitum,
935 3297 951 3338 »
965 3273 1047 3337 Heus
1058 3269 1113 3336 tu’'
1124 3271 1246 3362 inquit,
1258 3283 1330 3335 »est
1342 3269 1426 3361 quod

390 3392 422 3442 te
441 3373 546 3441 volo.''
570 3376 722 3466 (quiduis
747 3375 937 3465 Gelasimet)
958 3376 999 3442 At
1017 3372 1073 3441 ille
1099 3375 1146 3440 ira
1166 3376 1331 3457 incensus,
1353 3377 1427 3463 quia

390 3481 583 3572 Epignomus
611 3482 715 3572 ipsum
740 3483 781 3548 ad
801 3506 833 3549 se
852 3481 893 3548 ad
918 3504 1047 3547 coenam
1070 3480 1210 3571 accipere
1234 3479 1425 3547 detrectave-

391 3603 456 3670 rat,
479 3611 543 3653 non
566 3587 638 3654 vult
660 3588 788 3669 audire;
807 3613 823 3653 »
834 3603 870 3654 tu
882 3586 976 3652 hodie
984 3589 1011 3668 ,''
1024 3586 1127 3678 inquit
1153 3609 1170 3651 r>
1182 3599 1319 3652 oratores
1336 3583 1426 3676 (lega-

391 3691 452 3784 t'os)
465 3693 600 3783 accipis3
622 3692 737 3760 habeas
758 3692 815 3758 tibi
823 3694 898 3759 istos
916 3707 1074 3772 oratores,
1104 3715 1154 3758 me
1175 3695 1309 3760 mittas.''
1353 3693 1427 3782 Epi-

392 3822 525 3886 gnomus
542 3821 632 3880 vero,
654 3822 724 3866 eum
747 3800 904 3865 excitandi
926 3799 1042 3885 gratia:
1070 3812 1132 3864 »at
1150 3797 1200 3878 id,
1219 3797 1305 3889 quod
1325 3797 1427 3863 dicere

392 3900 556 3983 volebam,
581 3903 635 3967 tud
664 3904 758 3970 refert
767 3903 795 3984 ;'’
831 3902 946 3996 quihus
968 3902 1073 3971 verbis
1100 3905 1257 3994 parasitus
1282 3904 1315 3968 in
1339 3927 1426 3994 spem

394 4029 508 4073 coenae
530 4021 665 4090 erectus,
686 4031 704 4075 >r
714 4010 740 4076 si
762 4011 878 4102 quiden
900 4033 970 4076 mea
994 4009 1088 4076 refert
1096 4011 1124 4088 ,’'
1156 4009 1276 4100 inquit,
1305 4030 1427 4099 »opera

376 4113 510 4184 uteres
552 4113 711 4182 Caeterum
732 4120 801 4202 opis
822 4129 853 4182 et
875 4121 924 4209 ais
946 4115 1040 4182 etiam
1066 4111 1142 4180 alibi
1174 4113 1427 4194 confunduntur,
