<?xml version="1.0" encoding="UTF-8"?>
<!DOCTYPE html PUBLIC "-//W3C//DTD XHTML 1.0 Transitional//EN"
    "http://www.w3.org/TR/xhtml1/DTD/xhtml1-transitional.dtd">
<html xmlns="http://www.w3.org/1999/xhtml" xml:lang="en" lang="en">
 <head>
  <title>
</title>
<meta http-equiv="Content-Type" content="text/html;charset=utf-8" />
  <meta name='ocr-system' content='tesseract 3.04.00' />
  <meta name='ocr-capabilities' content='ocr_page ocr_carea ocr_par ocr_line ocrx_word'/>
</head>
<body>
  <div class='ocr_page' id='page_1' title='image "./specimencritico00lomagoog_0093.png"; bbox 0 0 3182 5014; ppageno 0'>
   <div class='ocr_carea' id='block_1_1' title="bbox 827 591 869 654">
    <p class='ocr_par' dir='ltr' id='par_1_1' title="bbox 827 591 869 654">
     <span class='ocr_line' id='line_1_1' title="bbox 827 591 869 654; baseline 0.024 -1"><span class='ocrx_word' id='word_1_1' title='bbox 827 591 869 654; x_wconf 88' lang='lat'>80</span> 
     </span>
    </p>
   </div>
   <div class='ocr_carea' id='block_1_2' title="bbox 327 763 1364 1702">
    <p class='ocr_par' dir='ltr' id='par_1_2' title="bbox 327 763 1364 1702">
     <span class='ocr_line' id='line_1_2' title="bbox 330 763 1361 856; baseline -0.001 -22"><span class='ocrx_word' id='word_1_2' title='bbox 330 791 348 835; x_wconf 89' lang='lat'>»</span> <span class='ocrx_word' id='word_1_3' title='bbox 363 767 417 834; x_wconf 79' lang='lat' dir='ltr'>ti.&#39;&#39;</span> <span class='ocrx_word' id='word_1_4' title='bbox 475 763 747 834; x_wconf 90' lang='lat' dir='ltr'>Pronuntiandum</span> <span class='ocrx_word' id='word_1_5' title='bbox 781 767 894 852; x_wconf 84' lang='lat' dir='ltr'>igitur:</span> <span class='ocrx_word' id='word_1_6' title='bbox 934 768 1079 856; x_wconf 69' lang='lat' dir='ltr'>Libdrius</span> <span class='ocrx_word' id='word_1_7' title='bbox 1108 769 1250 849; x_wconf 77' lang='lat' dir='ltr'>uiuendi,</span> <span class='ocrx_word' id='word_1_8' title='bbox 1287 787 1361 834; x_wconf 90' lang='lat' dir='ltr'>nam</span> 
     </span>
     <span class='ocr_line' id='line_1_3' title="bbox 328 869 1362 964; baseline -0.004 -20"><span class='ocrx_word' id='word_1_9' title='bbox 328 874 410 944; x_wconf 91' lang='lat' dir='ltr'>illud</span> <span class='ocrx_word' id='word_1_10' title='bbox 441 877 588 955; x_wconf 72' lang='lat' dir='ltr'>tibertus,</span> <span class='ocrx_word' id='word_1_11' title='bbox 625 872 711 964; x_wconf 90' lang='lat' dir='ltr'>quod</span> <span class='ocrx_word' id='word_1_12' title='bbox 743 871 774 938; x_wconf 90' lang='lat' dir='ltr'>h.</span> <span class='ocrx_word' id='word_1_13' title='bbox 794 869 815 938; x_wconf 91' lang='lat' dir='ltr'>l.</span> <span class='ocrx_word' id='word_1_14' title='bbox 858 872 1121 959; x_wconf 82' lang='lat' dir='ltr'>elegantissimum</span> <span class='ocrx_word' id='word_1_15' title='bbox 1149 886 1214 954; x_wconf 91' lang='lat' dir='ltr'>est,</span> <span class='ocrx_word' id='word_1_16' title='bbox 1239 871 1362 940; x_wconf 89' lang='lat' dir='ltr'>nullam</span> 
     </span>
     <span class='ocr_line' id='line_1_4' title="bbox 327 979 1363 1070; baseline -0.002 -22"><span class='ocrx_word' id='word_1_17' title='bbox 327 994 434 1048; x_wconf 82' lang='lat' dir='ltr'>movet</span> <span class='ocrx_word' id='word_1_18' title='bbox 453 980 524 1046; x_wconf 89' lang='lat' dir='ltr'>vitii</span> <span class='ocrx_word' id='word_1_19' title='bbox 554 979 782 1070; x_wconf 66' lang='lat' dir='ltr'>suspicionem</span> <span class='ocrx_word' id='word_1_20' title='bbox 807 981 936 1047; x_wconf 76' lang='lat' dir='ltr'>vivendi</span> <span class='ocrx_word' id='word_1_21' title='bbox 962 993 1084 1062; x_wconf 88' lang='lat' dir='ltr'>autem,</span> <span class='ocrx_word' id='word_1_22' title='bbox 1106 981 1132 1047; x_wconf 91' lang='lat' dir='ltr'>si</span> <span class='ocrx_word' id='word_1_23' title='bbox 1154 994 1238 1048; x_wconf 90' lang='lat' dir='ltr'>recte</span> <span class='ocrx_word' id='word_1_24' title='bbox 1266 979 1363 1048; x_wconf 87' lang='lat' dir='ltr'>habet</span> 
     </span>
     <span class='ocr_line' id='line_1_5' title="bbox 329 1083 1362 1179; baseline 0.003 -27"><span class='ocrx_word' id='word_1_25' title='bbox 329 1088 442 1179; x_wconf 80' lang='lat' dir='ltr'>(neque</span> <span class='ocrx_word' id='word_1_26' title='bbox 461 1098 508 1152; x_wconf 90' lang='lat' dir='ltr'>est</span> <span class='ocrx_word' id='word_1_27' title='bbox 529 1108 638 1166; x_wconf 85' lang='lat' dir='ltr'>causa,</span> <span class='ocrx_word' id='word_1_28' title='bbox 657 1108 714 1151; x_wconf 93' lang='lat' dir='ltr'>cur</span> <span class='ocrx_word' id='word_1_29' title='bbox 734 1099 912 1176; x_wconf 89' lang='lat' dir='ltr'>suspectum</span> <span class='ocrx_word' id='word_1_30' title='bbox 930 1084 1113 1176; x_wconf 81' lang='lat' dir='ltr'><strong>habeamus)</strong></span> <span class='ocrx_word' id='word_1_31' title='bbox 1130 1083 1275 1154; x_wconf 85' lang='lat' dir='ltr'><strong>ultimam</strong></span> <span class='ocrx_word' id='word_1_32' title='bbox 1294 1110 1362 1155; x_wconf 88' lang='lat' dir='ltr'>me·</span> 
     </span>
     <span class='ocr_line' id='line_1_6' title="bbox 327 1189 1361 1283; baseline 0.002 -25"><span class='ocrx_word' id='word_1_33' title='bbox 327 1191 390 1258; x_wconf 91' lang='lat' dir='ltr'>lius</span> <span class='ocrx_word' id='word_1_34' title='bbox 411 1189 518 1271; x_wconf 87' lang='lat' dir='ltr'>elidit,</span> <span class='ocrx_word' id='word_1_35' title='bbox 542 1191 616 1282; x_wconf 89' lang='lat' dir='ltr'>quia</span> <span class='ocrx_word' id='word_1_36' title='bbox 634 1193 770 1283; x_wconf 86' lang='lat' dir='ltr'><strong>primam</strong></span> <span class='ocrx_word' id='word_1_37' title='bbox 787 1193 820 1257; x_wconf 94' lang='lat' dir='ltr'>in</span> <span class='ocrx_word' id='word_1_38' title='bbox 843 1192 909 1257; x_wconf 90' lang='lat' dir='ltr'>ictu</span> <span class='ocrx_word' id='word_1_39' title='bbox 924 1189 1020 1258; x_wconf 88' lang='lat' dir='ltr'>habet</span> <span class='ocrx_word' id='word_1_40' title='bbox 1043 1192 1094 1283; x_wconf 85' lang='lat' dir='ltr'>(cf.</span> <span class='ocrx_word' id='word_1_41' title='bbox 1116 1191 1216 1260; x_wconf 90' lang='lat' dir='ltr'>Bentl.</span> <span class='ocrx_word' id='word_1_42' title='bbox 1233 1193 1275 1260; x_wconf 90' lang='lat' dir='ltr'>ad</span> <span class='ocrx_word' id='word_1_43' title='bbox 1293 1193 1361 1260; x_wconf 85' lang='lat' dir='ltr'>Ter.</span> 
     </span>
     <span class='ocr_line' id='line_1_7' title="bbox 328 1293 1364 1386; baseline 0.004 -24"><span class='ocrx_word' id='word_1_44' title='bbox 328 1293 462 1386; x_wconf 81' lang='lat' dir='ltr'><strong>Adelph.</strong></span> <span class='ocrx_word' id='word_1_45' title='bbox 493 1295 545 1364; x_wconf 83' lang='lat' dir='ltr'>lv.</span> <span class='ocrx_word' id='word_1_46' title='bbox 576 1297 596 1358; x_wconf 89' lang='grc'>2</span> <span class='ocrx_word' id='word_1_47' title='bbox 622 1317 668 1362; x_wconf 81' lang='lat' dir='ltr'>vs.</span> <span class='ocrx_word' id='word_1_48' title='bbox 695 1293 770 1382; x_wconf 81' lang='lat'>52);</span> <span class='ocrx_word' id='word_1_49' title='bbox 790 1294 917 1360; x_wconf 88' lang='lat' dir='ltr'>invoc⁰.</span> <span class='ocrx_word' id='word_1_50' title='bbox 933 1297 999 1384; x_wconf 80' lang='lat' dir='ltr'>fuit</span> <span class='ocrx_word' id='word_1_51' title='bbox 1015 1295 1111 1381; x_wconf 81' lang='lat' dir='ltr'>igitur</span> <span class='ocrx_word' id='word_1_52' title='bbox 1132 1296 1248 1364; x_wconf 80' lang='lat' dir='ltr'>vitium</span> <span class='ocrx_word' id='word_1_53' title='bbox 1265 1296 1364 1366; x_wconf 83' lang='lat' dir='ltr'>latere</span> 
     </span>
     <span class='ocr_line' id='line_1_8' title="bbox 327 1397 1363 1490; baseline -0.002 -24"><span class='ocrx_word' id='word_1_54' title='bbox 327 1402 469 1479; x_wconf 83' lang='lat' dir='ltr'>videtur,</span> <span class='ocrx_word' id='word_1_55' title='bbox 490 1398 641 1490; x_wconf 90' lang='lat' dir='ltr'>quoniam</span> <span class='ocrx_word' id='word_1_56' title='bbox 664 1413 801 1464; x_wconf 86' lang='lat' dir='ltr'>extrema</span> <span class='ocrx_word' id='word_1_57' title='bbox 818 1420 944 1490; x_wconf 91' lang='lat' dir='ltr'>quoque</span> <span class='ocrx_word' id='word_1_58' title='bbox 970 1397 1068 1466; x_wconf 80' lang='lat' dir='ltr'>verba</span> <span class='ocrx_word' id='word_1_59' title='bbox 1088 1403 1256 1489; x_wconf 64' lang='lat' dir='ltr'>(potestas,</span> <span class='ocrx_word' id='word_1_60' title='bbox 1284 1423 1363 1470; x_wconf 76' lang='lat' dir='ltr'>mm</span> 
     </span>
     <span class='ocr_line' id='line_1_9' title="bbox 329 1501 1360 1593; baseline 0.003 -23"><span class='ocrx_word' id='word_1_61' title='bbox 329 1503 436 1593; x_wconf 78' lang='lat' dir='ltr'>daton)</span> <span class='ocrx_word' id='word_1_62' title='bbox 457 1504 613 1569; x_wconf 88' lang='lat' dir='ltr'>senarium</span> <span class='ocrx_word' id='word_1_63' title='bbox 626 1501 781 1568; x_wconf 90' lang='lat' dir='ltr'>claudunt</span> <span class='ocrx_word' id='word_1_64' title='bbox 800 1503 935 1588; x_wconf 83' lang='lat' dir='ltr'>egregie,</span> <span class='ocrx_word' id='word_1_65' title='bbox 950 1525 1009 1568; x_wconf 90' lang='lat' dir='ltr'>nec</span> <span class='ocrx_word' id='word_1_66' title='bbox 1032 1501 1135 1572; x_wconf 91' lang='lat' dir='ltr'>ullum</span> <span class='ocrx_word' id='word_1_67' title='bbox 1150 1504 1270 1573; x_wconf 86' lang='lat' dir='ltr'>habent</span> <span class='ocrx_word' id='word_1_68' title='bbox 1290 1529 1360 1573; x_wconf 87' lang='lat' dir='ltr'>cor·</span> 
     </span>
     <span class='ocr_line' id='line_1_10' title="bbox 328 1607 1322 1702; baseline -0.006 -24"><span class='ocrx_word' id='word_1_69' title='bbox 328 1607 470 1702; x_wconf 88' lang='lat' dir='ltr'>ruptelae</span> <span class='ocrx_word' id='word_1_70' title='bbox 490 1609 652 1676; x_wconf 83' lang='lat' dir='ltr'>indicium.</span> <span class='ocrx_word' id='word_1_71' title='bbox 697 1608 778 1677; x_wconf 88' lang='lat' dir='ltr'>Vide</span> <span class='ocrx_word' id='word_1_72' title='bbox 799 1608 897 1694; x_wconf 84' lang='lat' dir='ltr'>igitur</span> <span class='ocrx_word' id='word_1_73' title='bbox 915 1631 955 1674; x_wconf 90' lang='lat' dir='ltr'>an</span> <span class='ocrx_word' id='word_1_74' title='bbox 972 1609 1136 1676; x_wconf 80' lang='lat' dir='ltr'>Terentius¹</span> <span class='ocrx_word' id='word_1_75' title='bbox 1148 1607 1322 1702; x_wconf 82' lang='lat' dir='ltr'>scripserit:</span> 
     </span>
    </p>
   </div>
   <div class='ocr_carea' id='block_1_3' title="bbox 460 1710 1397 1800">
    <p class='ocr_par' dir='ltr' id='par_1_3' title="bbox 460 1710 1397 1800">
     <span class='ocr_line' id='line_1_11' title="bbox 460 1710 1397 1800; baseline 0.005 -20"><span class='ocrx_word' id='word_1_76' title='bbox 460 1717 607 1782; x_wconf 70' lang='lat' dir='ltr'>tuntas</span> <span class='ocrx_word' id='word_1_77' title='bbox 622 1716 749 1781; x_wconf 79' lang='lat' dir='ltr'>uiuendi</span> <span class='ocrx_word' id='word_1_78' title='bbox 768 1723 837 1781; x_wconf 74' lang='lat' dir='ltr'>etot</span> <span class='ocrx_word' id='word_1_79' title='bbox 847 1725 1004 1800; x_wconf 83' lang='lat' dir='ltr'>potestas,</span> <span class='ocrx_word' id='word_1_80' title='bbox 1027 1737 1105 1783; x_wconf 80' lang='lat' dir='ltr'>oum</span> <span class='ocrx_word' id='word_1_81' title='bbox 1125 1721 1231 1786; x_wconf 77' lang='lat' dir='ltr'>dotas.</span> <span class='ocrx_word' id='word_1_82' title='bbox 1310 1775 1311 1785; x_wconf 71' lang='grc'>,</span> <span class='ocrx_word' id='word_1_83' title='bbox 1394 1710 1397 1720; x_wconf 78' lang='lat'>&#39;</span> 
     </span>
    </p>
   </div>
   <div class='ocr_carea' id='block_1_4' title="bbox 328 1818 1367 3483">
    <p class='ocr_par' dir='ltr' id='par_1_4' title="bbox 328 1818 1364 2642">
     <span class='ocr_line' id='line_1_12' title="bbox 329 1818 1364 1911; baseline 0.001 -25"><span class='ocrx_word' id='word_1_84' title='bbox 329 1821 487 1904; x_wconf 86' lang='lat' dir='ltr'>Quoniam</span> <span class='ocrx_word' id='word_1_85' title='bbox 505 1832 714 1911; x_wconf 85' lang='lat' dir='ltr'>praecesserat</span> <span class='ocrx_word' id='word_1_86' title='bbox 732 1819 907 1911; x_wconf 84' lang='lat' dir='ltr'>perfectum</span> <span class='ocrx_word' id='word_1_87' title='bbox 923 1824 1069 1901; x_wconf 75' lang='lat' dir='ltr'>accessit,</span> <span class='ocrx_word' id='word_1_88' title='bbox 1085 1818 1207 1887; x_wconf 89' lang='lat' dir='ltr'>librarii</span> <span class='ocrx_word' id='word_1_89' title='bbox 1224 1819 1256 1887; x_wconf 86' lang='lat' dir='ltr'>h.</span> <span class='ocrx_word' id='word_1_90' title='bbox 1276 1819 1298 1888; x_wconf 88' lang='lat' dir='ltr'>l.</span> <span class='ocrx_word' id='word_1_91' title='bbox 1316 1841 1364 1887; x_wconf 90' lang='lat' dir='ltr'>re-</span> 
     </span>
     <span class='ocr_line' id='line_1_13' title="bbox 328 1924 1362 2020; baseline -0.004 -28"><span class='ocrx_word' id='word_1_92' title='bbox 328 1927 470 2020; x_wconf 88' lang='lat' dir='ltr'>posuisse</span> <span class='ocrx_word' id='word_1_93' title='bbox 491 1925 639 1993; x_wconf 86' lang='lat' dir='ltr'>videntur</span> <span class='ocrx_word' id='word_1_94' title='bbox 656 1927 740 2013; x_wconf 75' lang='lat' dir='ltr'>scit,</span> <span class='ocrx_word' id='word_1_95' title='bbox 763 1926 849 2019; x_wconf 90' lang='lat' dir='ltr'>quod</span> <span class='ocrx_word' id='word_1_96' title='bbox 874 1941 978 1994; x_wconf 89' lang='lat' dir='ltr'>tamen</span> <span class='ocrx_word' id='word_1_97' title='bbox 1005 1949 1070 1992; x_wconf 92' lang='lat' dir='ltr'>non</span> <span class='ocrx_word' id='word_1_98' title='bbox 1093 1948 1172 2017; x_wconf 91' lang='lat' dir='ltr'>opus</span> <span class='ocrx_word' id='word_1_99' title='bbox 1197 1938 1279 2005; x_wconf 90' lang='lat' dir='ltr'>erat;</span> <span class='ocrx_word' id='word_1_100' title='bbox 1298 1924 1362 1988; x_wconf 93' lang='lat' dir='ltr'>imo</span> 
     </span>
     <span class='ocr_line' id='line_1_14' title="bbox 329 2027 1361 2123; baseline -0.003 -27"><span class='ocrx_word' id='word_1_101' title='bbox 329 2032 449 2123; x_wconf 91' lang='lat' dir='ltr'>optime</span> <span class='ocrx_word' id='word_1_102' title='bbox 466 2053 498 2097; x_wconf 92' lang='lat' dir='ltr'>se</span> <span class='ocrx_word' id='word_1_103' title='bbox 519 2028 616 2098; x_wconf 90' lang='lat' dir='ltr'>habet</span> <span class='ocrx_word' id='word_1_104' title='bbox 634 2028 712 2098; x_wconf 89' lang='lat' dir='ltr'>haec</span> <span class='ocrx_word' id='word_1_105' title='bbox 734 2046 911 2123; x_wconf 90' lang='lat' dir='ltr'>temporum</span> <span class='ocrx_word' id='word_1_106' title='bbox 937 2030 1108 2099; x_wconf 86' lang='lat' dir='ltr'>diversitas.</span> <span class='ocrx_word' id='word_1_107' title='bbox 1153 2027 1253 2095; x_wconf 86' lang='lat' dir='ltr'>Plaut.</span> <span class='ocrx_word' id='word_1_108' title='bbox 1269 2029 1361 2094; x_wconf 91' lang='lat' dir='ltr'>Poen.</span> 
     </span>
     <span class='ocr_line' id='line_1_15' title="bbox 329 2131 1045 2202; baseline -0.006 -2"><span class='ocrx_word' id='word_1_109' title='bbox 329 2135 549 2202; x_wconf 61' lang='lat' dir='ltr'>mlum</span> <span class='ocrx_word' id='word_1_110' title='bbox 1044 2131 1045 2135; x_wconf 66' lang='grc'>’</span> 
     </span>
     <span class='ocr_line' id='line_1_16' title="bbox 328 2241 1361 2332; baseline 0.002 -24"><span class='ocrx_word' id='word_1_111' title='bbox 328 2241 444 2327; x_wconf 58' lang='grc' dir='ltr'>Αἰεᾳιιθ</span> <span class='ocrx_word' id='word_1_112' title='bbox 462 2243 607 2326; x_wconf 77' lang='lat' dir='ltr'>equidem</span> <span class='ocrx_word' id='word_1_113' title='bbox 626 2243 729 2310; x_wconf 82' lang='lat' dir='ltr'>hercle</span> <span class='ocrx_word' id='word_1_114' title='bbox 753 2246 1092 2329; x_wconf 75' lang='lat' dir='ltr'>ddditaoperoomicos</span> <span class='ocrx_word' id='word_1_115' title='bbox 1109 2244 1245 2332; x_wconf 70' lang='lat' dir='ltr'>sopitum</span> <span class='ocrx_word' id='word_1_116' title='bbox 1257 2265 1361 2312; x_wconf 81' lang='lat' dir='ltr'>senos.</span> 
     </span>
     <span class='ocr_line' id='line_1_17' title="bbox 329 2345 1262 2428; baseline -0.001 -14"><span class='ocrx_word' id='word_1_117' title='bbox 329 2345 456 2414; x_wconf 78' lang='lat' dir='ltr'>Scibam</span> <span class='ocrx_word' id='word_1_118' title='bbox 476 2353 578 2410; x_wconf 84' lang='lat' dir='ltr'>aetate</span> <span class='ocrx_word' id='word_1_119' title='bbox 602 2345 778 2428; x_wconf 70' lang='lat' dir='ltr'>curritores,</span> <span class='ocrx_word' id='word_1_120' title='bbox 798 2351 898 2415; x_wconf 75' lang='lat' dir='ltr'>metui</span> <span class='ocrx_word' id='word_1_121' title='bbox 919 2369 989 2416; x_wconf 83' lang='lat' dir='ltr'>meo</span> <span class='ocrx_word' id='word_1_122' title='bbox 1008 2350 1109 2414; x_wconf 76' lang='lat' dir='ltr'>amicti</span> <span class='ocrx_word' id='word_1_123' title='bbox 1127 2368 1262 2415; x_wconf 83' lang='lat' dir='ltr'>morum.</span> 
     </span>
     <span class='ocr_line' id='line_1_18' title="bbox 330 2447 1364 2544; baseline 0 -26"><span class='ocrx_word' id='word_1_124' title='bbox 330 2449 387 2518; x_wconf 87' lang='lat' dir='ltr'>Vir</span> <span class='ocrx_word' id='word_1_125' title='bbox 418 2447 633 2528; x_wconf 90' lang='lat' dir='ltr'>doctissimus,</span> <span class='ocrx_word' id='word_1_126' title='bbox 663 2453 753 2539; x_wconf 88' lang='lat' dir='ltr'>cujus</span> <span class='ocrx_word' id='word_1_127' title='bbox 785 2475 876 2544; x_wconf 87' lang='lat' dir='ltr'>saepe</span> <span class='ocrx_word' id='word_1_128' title='bbox 901 2454 967 2538; x_wconf 86' lang='lat' dir='ltr'>jum</span> <span class='ocrx_word' id='word_1_129' title='bbox 997 2453 1080 2518; x_wconf 88' lang='lat' dir='ltr'>facta</span> <span class='ocrx_word' id='word_1_130' title='bbox 1112 2465 1158 2519; x_wconf 91' lang='lat' dir='ltr'>est</span> <span class='ocrx_word' id='word_1_131' title='bbox 1173 2453 1310 2533; x_wconf 89' lang='lat' dir='ltr'>mentio,</span> <span class='ocrx_word' id='word_1_132' title='bbox 1332 2474 1364 2518; x_wconf 87' lang='lat' dir='ltr'>se</span> 
     </span>
     <span class='ocr_line' id='line_1_19' title="bbox 330 2555 612 2642; baseline -0.011 -20"><span class='ocrx_word' id='word_1_133' title='bbox 330 2557 498 2642; x_wconf 87' lang='lat' dir='ltr'>conjecisse</span> <span class='ocrx_word' id='word_1_134' title='bbox 519 2555 612 2620; x_wconf 91' lang='lat' dir='ltr'>dicit:</span> 
     </span>
    </p>

    <p class='ocr_par' dir='ltr' id='par_1_5' title="bbox 330 2661 1367 3483">
     <span class='ocr_line' id='line_1_20' title="bbox 374 2661 1126 2746; baseline -0.001 -20"><span class='ocrx_word' id='word_1_135' title='bbox 374 2663 521 2727; x_wconf 71' lang='lat' dir='ltr'>Liberius</span> <span class='ocrx_word' id='word_1_136' title='bbox 543 2663 647 2726; x_wconf 79' lang='lat' dir='ltr'>nivere</span> <span class='ocrx_word' id='word_1_137' title='bbox 662 2662 892 2746; x_wconf 56' lang='lat' dir='ltr'>[diepotestam</span> <span class='ocrx_word' id='word_1_138' title='bbox 913 2682 992 2728; x_wconf 80' lang='lat' dir='ltr'>nom</span> <span class='ocrx_word' id='word_1_139' title='bbox 1013 2661 1126 2740; x_wconf 79' lang='lat' dir='ltr'>daton,</span> 
     </span>
     <span class='ocr_line' id='line_1_21' title="bbox 331 2741 1364 2858; baseline -0.002 -28"><span class='ocrx_word' id='word_1_140' title='bbox 331 2764 418 2858; x_wconf 89' lang='lat' dir='ltr'>quod</span> <span class='ocrx_word' id='word_1_141' title='bbox 447 2762 526 2828; x_wconf 89' lang='lat' dir='ltr'>mihi</span> <span class='ocrx_word' id='word_1_142' title='bbox 558 2785 683 2854; x_wconf 91' lang='lat' dir='ltr'>quoque</span> <span class='ocrx_word' id='word_1_143' title='bbox 704 2741 788 2829; x_wconf 50' lang='lat' dir='ltr'>‘olim</span> <span class='ocrx_word' id='word_1_144' title='bbox 810 2765 843 2829; x_wconf 92' lang='lat' dir='ltr'>in</span> <span class='ocrx_word' id='word_1_145' title='bbox 864 2779 999 2830; x_wconf 87' lang='lat' dir='ltr'>mentem</span> <span class='ocrx_word' id='word_1_146' title='bbox 1015 2777 1164 2844; x_wconf 84' lang='lat' dir='ltr'>venerat3</span> <span class='ocrx_word' id='word_1_147' title='bbox 1181 2763 1236 2829; x_wconf 86' lang='lat' dir='ltr'>sed</span> <span class='ocrx_word' id='word_1_148' title='bbox 1256 2784 1364 2855; x_wconf 90' lang='lat' dir='ltr'>quem-</span> 
     </span>
     <span class='ocr_line' id='line_1_22' title="bbox 331 2864 1365 2942; baseline 0 -9"><span class='ocrx_word' id='word_1_149' title='bbox 331 2867 502 2942; x_wconf 81' lang='lat' dir='ltr'>admodum</span> <span class='ocrx_word' id='word_1_150' title='bbox 536 2864 683 2934; x_wconf 88' lang='lat' dir='ltr'>lihrarius</span> <span class='ocrx_word' id='word_1_151' title='bbox 719 2865 869 2935; x_wconf 78' lang='lat' dir='ltr'>latinitati</span> <span class='ocrx_word' id='word_1_152' title='bbox 899 2883 1037 2936; x_wconf 90' lang='lat' dir='ltr'>metuens</span> <span class='ocrx_word' id='word_1_153' title='bbox 1077 2866 1159 2932; x_wconf 86' lang='lat' dir='ltr'>hanc</span> <span class='ocrx_word' id='word_1_154' title='bbox 1198 2867 1365 2935; x_wconf 88' lang='lat' dir='ltr'>lectionem</span> 
     </span>
     <span class='ocr_line' id='line_1_23' title="bbox 330 2971 1367 3064; baseline -0.002 -22"><span class='ocrx_word' id='word_1_155' title='bbox 330 2976 461 3042; x_wconf 88' lang='lat' dir='ltr'>fortasse</span> <span class='ocrx_word' id='word_1_156' title='bbox 490 2973 643 3051; x_wconf 86' lang='lat' dir='ltr'>mutavit,</span> <span class='ocrx_word' id='word_1_157' title='bbox 674 2971 718 3037; x_wconf 91' lang='lat' dir='ltr'>sic</span> <span class='ocrx_word' id='word_1_158' title='bbox 748 2993 805 3057; x_wconf 82' lang='lat' dir='ltr'>ego</span> <span class='ocrx_word' id='word_1_159' title='bbox 834 2993 959 3064; x_wconf 90' lang='lat' dir='ltr'>quoque</span> <span class='ocrx_word' id='word_1_160' title='bbox 984 2973 1028 3037; x_wconf 90' lang='lat' dir='ltr'>ita</span> <span class='ocrx_word' id='word_1_161' title='bbox 1053 2994 1202 3062; x_wconf 87' lang='lat' dir='ltr'>reponere</span> <span class='ocrx_word' id='word_1_162' title='bbox 1228 2996 1292 3039; x_wconf 91' lang='lat' dir='ltr'>non</span> <span class='ocrx_word' id='word_1_163' title='bbox 1310 2997 1367 3040; x_wconf 87' lang='lat' dir='ltr'>au-</span> 
     </span>
     <span class='ocr_line' id='line_1_24' title="bbox 332 3072 1366 3163; baseline 0.006 -21"><span class='ocrx_word' id='word_1_164' title='bbox 332 3077 462 3158; x_wconf 82' lang='lat' dir='ltr'>debam3</span> <span class='ocrx_word' id='word_1_165' title='bbox 478 3097 563 3141; x_wconf 87' lang='lat' dir='ltr'>nunc</span> <span class='ocrx_word' id='word_1_166' title='bbox 581 3096 674 3155; x_wconf 89' lang='lat' dir='ltr'>vero,</span> <span class='ocrx_word' id='word_1_167' title='bbox 696 3097 768 3139; x_wconf 87' lang='lat' dir='ltr'>cum</span> <span class='ocrx_word' id='word_1_168' title='bbox 779 3072 873 3163; x_wconf 88' lang='lat' dir='ltr'>hujus</span> <span class='ocrx_word' id='word_1_169' title='bbox 885 3077 945 3142; x_wconf 90' lang='lat' dir='ltr'>viri</span> <span class='ocrx_word' id='word_1_170' title='bbox 961 3078 1145 3143; x_wconf 89' lang='lat' dir='ltr'>auctoritate</span> <span class='ocrx_word' id='word_1_171' title='bbox 1162 3092 1193 3144; x_wconf 94' lang='lat' dir='ltr'>et</span> <span class='ocrx_word' id='word_1_172' title='bbox 1213 3101 1366 3148; x_wconf 89' lang='lat' dir='ltr'>consensu</span> 
     </span>
     <span class='ocr_line' id='line_1_25' title="bbox 332 3180 1367 3277; baseline 0.001 -27"><span class='ocrx_word' id='word_1_173' title='bbox 332 3182 411 3250; x_wconf 89' lang='lat' dir='ltr'>haec</span> <span class='ocrx_word' id='word_1_174' title='bbox 438 3183 619 3270; x_wconf 88' lang='lat' dir='ltr'>conjectura</span> <span class='ocrx_word' id='word_1_175' title='bbox 647 3180 886 3273; x_wconf 87' lang='lat' dir='ltr'>comprobetur,</span> <span class='ocrx_word' id='word_1_176' title='bbox 906 3196 1000 3275; x_wconf 90' lang='lat' dir='ltr'>atque</span> <span class='ocrx_word' id='word_1_177' title='bbox 1017 3184 1128 3264; x_wconf 90' lang='lat' dir='ltr'>etiam,</span> <span class='ocrx_word' id='word_1_178' title='bbox 1151 3185 1177 3251; x_wconf 90' lang='lat' dir='ltr'>si</span> <span class='ocrx_word' id='word_1_179' title='bbox 1202 3186 1247 3250; x_wconf 88' lang='lat' dir='ltr'>ita</span> <span class='ocrx_word' id='word_1_180' title='bbox 1269 3187 1367 3277; x_wconf 91' lang='lat' dir='ltr'>scrip-</span> 
     </span>
     <span class='ocr_line' id='line_1_26' title="bbox 333 3286 1366 3384; baseline 0 -26"><span class='ocrx_word' id='word_1_181' title='bbox 333 3291 425 3376; x_wconf 82' lang='lat' dir='ltr'>seris,</span> <span class='ocrx_word' id='word_1_182' title='bbox 456 3286 653 3379; x_wconf 89' lang='lat' dir='ltr'>corruptelae</span> <span class='ocrx_word' id='word_1_183' title='bbox 684 3310 777 3354; x_wconf 89' lang='lat' dir='ltr'>causa</span> <span class='ocrx_word' id='word_1_184' title='bbox 818 3289 1011 3358; x_wconf 81' lang='lat' dir='ltr'>manifestior</span> <span class='ocrx_word' id='word_1_185' title='bbox 1040 3289 1099 3370; x_wconf 91' lang='lat' dir='ltr'>sit,</span> <span class='ocrx_word' id='word_1_186' title='bbox 1138 3313 1202 3356; x_wconf 92' lang='lat' dir='ltr'>non</span> <span class='ocrx_word' id='word_1_187' title='bbox 1232 3289 1366 3384; x_wconf 90' lang='lat' dir='ltr'>amplius</span> 
     </span>
     <span class='ocr_line' id='line_1_27' title="bbox 334 3391 1025 3483; baseline -0.003 -21"><span class='ocrx_word' id='word_1_188' title='bbox 334 3394 446 3462; x_wconf 89' lang='lat' dir='ltr'>dubito</span> <span class='ocrx_word' id='word_1_189' title='bbox 467 3393 551 3461; x_wconf 91' lang='lat' dir='ltr'>hanc</span> <span class='ocrx_word' id='word_1_190' title='bbox 570 3396 782 3482; x_wconf 76' lang='lat' dir='ltr'>conjecturam</span> <span class='ocrx_word' id='word_1_191' title='bbox 797 3392 846 3459; x_wconf 93' lang='lat' dir='ltr'>illi</span> <span class='ocrx_word' id='word_1_192' title='bbox 866 3391 1025 3483; x_wconf 88' lang='lat' dir='ltr'>subjicere.</span> 
     </span>
    </p>
   </div>
   <div class='ocr_carea' id='block_1_5' title="bbox 334 3825 1368 4231">
    <p class='ocr_par' dir='ltr' id='par_1_6' title="bbox 334 3825 545 3890">
     <span class='ocr_line' id='line_1_28' title="bbox 334 3825 545 3890; baseline -0.005 -2"><span class='ocrx_word' id='word_1_193' title='bbox 334 3825 357 3890; x_wconf 91' lang='lat' dir='ltr'>l.</span> <span class='ocrx_word' id='word_1_194' title='bbox 377 3825 397 3887; x_wconf 90' lang='lat'><strong>3</strong></span> <span class='ocrx_word' id='word_1_195' title='bbox 417 3845 462 3888; x_wconf 75' lang='lat' dir='ltr'>vt.</span> <span class='ocrx_word' id='word_1_196' title='bbox 487 3825 545 3890; x_wconf 77' lang='lat'>20:</span> 
     </span>
    </p>

    <p class='ocr_par' dir='ltr' id='par_1_7' title="bbox 334 3927 1368 4231">
     <span class='ocr_line' id='line_1_29' title="bbox 334 3927 1365 4016; baseline 0.006 -23"><span class='ocrx_word' id='word_1_197' title='bbox 334 3929 385 3993; x_wconf 81' lang='lat' dir='ltr'>Mt</span> <span class='ocrx_word' id='word_1_198' title='bbox 403 3931 530 4014; x_wconf 80' lang='lat' dir='ltr'>quidem</span> <span class='ocrx_word' id='word_1_199' title='bbox 545 3948 610 3995; x_wconf 81' lang='lat' dir='ltr'>ooo</span> <span class='ocrx_word' id='word_1_200' title='bbox 627 3927 864 4014; x_wconf 67' lang='lat' dir='ltr'>pitverisimile;</span> <span class='ocrx_word' id='word_1_201' title='bbox 888 3929 1011 4013; x_wconf 77' lang='lat' dir='ltr'>ottpsts</span> <span class='ocrx_word' id='word_1_202' title='bbox 1028 3937 1239 3998; x_wconf 72' lang='lat' dir='ltr'>coementum</span> <span class='ocrx_word' id='word_1_203' title='bbox 1256 3934 1365 4016; x_wconf 82' lang='lat' dir='ltr'>placet.</span> 
     </span>
     <span class='ocr_line' id='line_1_30' title="bbox 337 4031 1368 4121; baseline 0.005 -24"><span class='ocrx_word' id='word_1_204' title='bbox 337 4031 381 4097; x_wconf 93' lang='lat' dir='ltr'>sic</span> <span class='ocrx_word' id='word_1_205' title='bbox 411 4053 536 4098; x_wconf 81' lang='lat' dir='ltr'>versum</span> <span class='ocrx_word' id='word_1_206' title='bbox 562 4031 721 4099; x_wconf 87' lang='lat' dir='ltr'>ordinavit</span> <span class='ocrx_word' id='word_1_207' title='bbox 751 4032 926 4121; x_wconf 86' lang='lat' dir='ltr'>Bentlejus;</span> <span class='ocrx_word' id='word_1_208' title='bbox 952 4034 1006 4100; x_wconf 91' lang='lat' dir='ltr'>sed</span> <span class='ocrx_word' id='word_1_209' title='bbox 1035 4057 1108 4100; x_wconf 92' lang='lat' dir='ltr'>cum</span> <span class='ocrx_word' id='word_1_210' title='bbox 1126 4050 1192 4101; x_wconf 89' lang='lat' dir='ltr'>tota</span> <span class='ocrx_word' id='word_1_211' title='bbox 1207 4034 1284 4101; x_wconf 90' lang='lat' dir='ltr'>haec</span> <span class='ocrx_word' id='word_1_212' title='bbox 1304 4059 1368 4102; x_wconf 91' lang='lat' dir='ltr'>sce·</span> 
     </span>
     <span class='ocr_line' id='line_1_31' title="bbox 336 4137 1368 4231; baseline 0.007 -30"><span class='ocrx_word' id='word_1_213' title='bbox 336 4159 378 4202; x_wconf 89' lang='lat' dir='ltr'>na</span> <span class='ocrx_word' id='word_1_214' title='bbox 407 4152 527 4206; x_wconf 89' lang='lat' dir='ltr'>constet</span> <span class='ocrx_word' id='word_1_215' title='bbox 553 4141 691 4208; x_wconf 91' lang='lat' dir='ltr'>numeris</span> <span class='ocrx_word' id='word_1_216' title='bbox 714 4137 878 4228; x_wconf 89' lang='lat' dir='ltr'>jambicis,</span> <span class='ocrx_word' id='word_1_217' title='bbox 906 4139 983 4206; x_wconf 88' lang='lat' dir='ltr'>mihi</span> <span class='ocrx_word' id='word_1_218' title='bbox 1002 4140 1127 4231; x_wconf 87' lang='lat' dir='ltr'>quidem</span> <span class='ocrx_word' id='word_1_219' title='bbox 1148 4162 1211 4207; x_wconf 91' lang='lat' dir='ltr'>non</span> <span class='ocrx_word' id='word_1_220' title='bbox 1231 4141 1267 4208; x_wconf 87' lang='lat' dir='ltr'>fit</span> <span class='ocrx_word' id='word_1_221' title='bbox 1286 4144 1368 4210; x_wconf 84' lang='lat' dir='ltr'>veri-</span> 
     </span>
    </p>
   </div>
   <div class='ocr_carea' id='block_1_6' title="bbox 1559 3943 1577 3978">
    <p class='ocr_par' dir='ltr' id='par_1_8' title="bbox 1559 3943 1577 3978">
     <span class='ocr_line' id='line_1_32' title="bbox 1559 3943 1577 3978; baseline 0 -10"><span class='ocrx_word' id='word_1_222' title='bbox 1559 3943 1577 3978; x_wconf 70' lang='grc'>,4</span> 
     </span>
    </p>
   </div>
   <div class='ocr_carea' id='block_1_7' title="bbox 0 0 1605 5014">
    <p class='ocr_par' dir='ltr' id='par_1_9' title="bbox 0 0 1605 5014">
     <span class='ocr_line' id='line_1_33' title="bbox 0 0 1605 5014; baseline 0 0"><span class='ocrx_word' id='word_1_223' title='bbox 0 0 1605 5014; x_wconf 95' lang='lat' dir='ltr'> </span> 
     </span>
    </p>
   </div>
  </div>
 </body>
</html>
