3182 5014
755 618 794 680 73

261 805 375 876 Versirs
402 807 517 898 prioris
550 827 614 871 non
645 803 821 871 absolvitur
845 806 1005 872 sententia.
1050 807 1198 899 Suspicor
1216 809 1293 878 alte·

259 913 325 981 rius
346 910 494 979 versiculi
515 911 675 1004 principio
695 910 846 978 excidisse
864 907 1073 992 vocabulum,
1092 915 1292 1003 quemadmo-

260 1013 338 1082 dum
355 1037 446 1106 saepe
463 1015 496 1081 in
514 1018 625 1109 primis
648 1016 789 1085 versibus
810 1019 948 1104 integrae
965 1039 1057 1084 voces
1067 1019 1289 1088 desiderantur.

259 1117 313 1184 Sic
335 1119 417 1184 infre
440 1120 464 1185 Ι.
490 1125 528 1202 3,
551 1146 596 1189 vs.
619 1124 660 1189 74
680 1124 830 1189 omissum
847 1137 914 1188 erat
934 1145 1003 1188 voe.
1027 1129 1146 1206 eeedo,·
1164 1127 1292 1192 restitu-

259 1237 328 1290 tum
349 1223 389 1291 ab
413 1216 530 1312 dugelo
565 1227 646 1314 Mejo
664 1249 702 1292 ex
717 1226 825 1294 codiee
848 1224 1062 1294 Ambrosiano.
1084 1230 1174 1296 Hune
1194 1231 1291 1318 igitur

259 1327 366 1398 locum
385 1333 429 1399 ite
447 1333 727 1420 coagmentandum
747 1317 872 1399 credor

228 1483 237 1500 .
345 1440 432 1506 Haeo
447 1442 536 1518 edet,
558 1460 617 1506 seo
638 1449 737 1518 reete,
753 1443 812 1504 sed
834 1459 984 1523 pervorse
1003 1439 1090 1523 sdrta
1104 1447 1199 1520 erret,

349 1542 439 1624 Quae
455 1565 509 1628 epo
531 1546 712 1632 prefecisse
732 1543 901 1629 confiteor,
925 1543 1156 1629 Meporo‘oider.

649 1705 904 1714 ——--.-—--———-

259 1807 300 1874 11.
327 1810 347 1872 2
370 1832 418 1876 vs.
446 1812 518 1876 108.

324 1905 405 1982 Erre
428 1925 536 1982 aretem
551 1919 588 1982 ire
606 1918 802 2002 deripuitote.
817 1921 875 1985 dor
895 1916 1021 2001 repperi
1041 1917 1211 1999 nepdtiem.

260 2042 449 2111 quamquam
466 2019 543 2086 haec
561 2017 655 2086 lectio
675 2019 801 2085 delendi
826 2019 943 2110 poesit,
970 2015 1079 2083 malim
1108 2032 1225 2082 tamen:
1255 2023 1289 2086 ire

258 2123 449 2209 hereipreitote
480 2140 540 2186 nto
566 2128 690 2209 repperi
719 2130 879 2210 repetiero
891 2151 903 2200 ;
931 2137 967 2188 ut
989 2118 1131 2187 absolute
1150 2121 1289 2189 dicatur:

258 2234 384 2314 repperi
404 2235 582 2316 reportem,
600 2226 863 2318 quemadmodum
887 2228 969 2294 Rud.
991 2228 1029 2291 11.
1050 2229 1088 2306 5,
1108 2249 1154 2291 vs.
1178 2228 1238 2291 26:

345 2335 433 2400 Iotrd
453 2336 590 2421 serendo
613 2342 661 2398 est
685 2338 805 2411 (orreo).
828 2333 967 2416 Repperi
987 2333 1155 2416 reepdtiom.

259 2439 279 2505 i.
301 2461 326 2504 e.
351 2441 468 2518 dobeo,
486 2441 569 2525 qood
582 2458 683 2522 opem.
728 2435 833 2501 Utitur
854 2433 913 2499 hae
940 2433 1091 2516 formula,
1112 2434 1167 2525 qui
1187 2436 1289 2526 queri·

257 2555 309 2607 tur
326 2539 386 2608 sibi
405 2539 578 2608 molestiam
597 2539 767 2606 obvenisse.

658 2726 888 2736 Ἥ

254 2838 306 2903 111.
331 2840 351 2902 2
373 2861 419 2905 vs,
442 2841 500 2904 30:

303 2945 357 3010 U‘t
378 2965 447 3010 rem
464 2947 605 3030 petriam
628 2953 659 3008 et
672 2943 833 3030 mojorem
849 2943 982 3027 pieriam
994 2945 1151 3030 foedarim
1166 2967 1284 3012 meum.

157 3063 158 3066 ’
257 3038 344 3114 flate
357 3049 461 3115 versui
487 3046 568 3114 male
592 3047 703 3114 effecto
731 3044 811 3112 alius
838 3044 933 3112 aliam
955 3042 1063 3113 attulit
1081 3049 1287 3131 medicinam

258 3145 294 3220 ut
316 3153 454 3240 legitima
473 3166 594 3219 constet
611 3174 754 3231 caesura,
777 3149 944 3236 legendum
966 3151 1111 3217 videtur:

259 3263 315 3328 tte
330 3281 399 3326 rem
413 3265 552 3346 patrium
570 3271 601 3327 et
617 3263 724 3325 merim
746 3260 907 3343 mojorem
925 3259 1061 3343 pidridm
1078 3260 1284 3344 soeddoerirn.

256 3366 429 3431 Pronomen
455 3386 561 3432 merem
584 3386 659 3429 casu
682 3362 818 3454 quodam
832 3361 1132 3451 'omissumspostea
1150 3362 1183 3428 in
1202 3387 1287 3429 mar-

256 3470 329 3557 gine
346 3468 502 3558 adjectum
521 3468 615 3535 fuisse
634 3467 775 3546 videtur,
789 3463 891 3557 plane*
903 3459 939 3529 ut
957 3487 1052 3555 supra
1068 3488 1114 3531 vs.
1138 3470 1178 3532 16
1194 3491 1285 3559 pron.

255 3581 321 3658 toi,
341 3575 427 3668 quod
435 3578 502 3663 jam
519 3595 576 3640 suo
593 3571 673 3652 loco,
690 3573 709 3635 i.
721 3593 745 3636 e.
762 3584 834 3636 ante
844 3572 992 3656 majores,
1002 3586 1208 3660 reposuerunt
1223 3571 1285 3638 riri

256 3681 365 3762 doeti3
393 3681 502 3746 eodem
529 3679 626 3766 igitur
651 3680 723 3765 jure
745 3674 800 3741 hic
828 3688 1031 3766 transponere
1052 3671 1133 3741 licet.
1179 3675 1286 3743 Simile

256 3785 370 3852 vitium
382 3783 474 3852 tollas
494 3782 607 3874 Amph.
628 3783 666 3848 11.
687 3783 726 3854 2.
749 3805 794 3847 vs.
821 3783 903 3860 177,
925 3777 1071 3866 legendo:

255 3894 444 3958 Perdidisti!
465 3893 603 3976 sequid
624 3891 681 3957 tibi
701 3896 749 3955 est
771 3891 873 3952 eom?
897 3901 948 3951 snt.
968 3889 1045 3954 taee
1065 3895 1121 3953 md
1138 3889 1228 3953 modo
1244 3885 1288 3951 dd

355 4017 358 4024 ·
1032 4000 1164 4060 mortem
1180 3995 1282 4058 dedit.

257 4097 372 4166 Addidi
382 4098 572 4192 particulam
583 4120 676 4177 eom,
687 4121 782 4188 quam
793 4096 932 4164 hausisse
943 4098 1091 4164 videntur
1108 4095 1214 4163 literae
1233 4112 1284 4160 stt.
