3182 5014
388 1329 1135 1430 flntutotttlttottuttnttos

635 1601 895 1636 ——n'm-

249 1779 272 1843 1.
299 1782 383 1844 l.vs.
411 1780 469 1842 20:

293 1883 334 1949 At
350 1885 436 1949 euim
458 1885 559 1960 dices,
581 1902 633 1948 me
652 1884 874 1968 quantumuis
893 1886 996 1969 operis
1013 1885 1072 1969 liat
1085 1885 1234 1967 poenitet.

250 1988 349 2076 Hujus
368 2010 475 2055 versus
494 1987 611 2078 optime
629 2009 661 2052 se
677 1984 772 2051 habet
788 1988 957 2067 sententia,
979 1987 1100 2051 numeri
1119 1983 1282 2051 vacillant.

249 2090 376 2158 Codices
392 2087 475 2155 nihil
495 2091 559 2158 lere
577 2105 720 2172 mutant,
741 2091 802 2156 nisi
818 2091 903 2182 quod
920 2090 999 2157 liber
1010 2089 1287 2156 Bembinusomit-

249 2196 289 2260 tit
309 2218 399 2287 pron.
423 2218 489 2276 me,
510 2198 603 2286 pauci
615 2196 743 2287 quidam
760 2193 823 2260 alio
845 2196 953 2262 ordine
968 2193 1092 2280 legunt:
1137 2196 1178 2262 At
1197 2199 1281 2261 dices

251 2304 345 2366 erim.
388 2296 545 2386 Bentlejus
574 2303 672 2387 ejecto
700 2305 799 2379 dices,
838 2300 991 2366 senarium
1022 2300 1165 2365 restituit.
1222 2297 1284 2364 Cor

251 2419 354 2470 autem
379 2403 440 2470 hoc
468 2403 658 2470 vocabulum
687 2405 826 2493 ejecerit,
856 2419 917 2472 tres
946 2405 1032 2470 dedit
1059 2427 1181 2484 causas,
1205 2426 1281 2495 quas

251 2531 306 2594 age
333 2506 430 2599 paulo
470 2510 644 2576 accuratius
687 2508 922 2576 consideremus.
970 2511 1019 2592 1⁰]
1055 2509 1282 2579 »Vocabulum

251 2620 366 2685 udices
391 2617 423 2681 in
454 2615 549 2683 Codd.
578 2613 688 2679 incerti
705 2611 779 2678 loris
799 2615 873 2678 est.’'
916 2612 1060 2680 urnula
1079 2615 1112 2680 in
1133 2638 1166 2681 re
1183 2617 1285 2702 major

251 2718 496 2812 deprehenditur
512 2719 656 2785 codicum
679 2719 905 2799 inconstantia,
928 2743 1022 2812 quam
1038 2721 1071 2787 in
1094 2721 1202 2787 ordine
1213 2743 1283 2786 ver·

249 2824 369 2892 borum.
413 2828 450 2892 In
473 2821 603 2912 singulis
629 2825 693 2890 lere
711 2823 852 2891 versibus
869 2825 921 2890 hic
940 2825 990 2892 vel
1003 2825 1056 2893 ille
1078 2827 1176 2892 codex
1186 2824 1282 2918 paulo

250 2930 408 2998 diversum
432 2929 596 3017 avulgata
611 2926 744 2996 lectione
758 2929 887 3021 praehet
907 2931 1056 2998 ordinem.
1103 2935 1168 2998 Hoc
1187 2933 1284 3017 igitur

250 3049 466 3120 argumentum
493 3035 538 3099 ita
565 3035 690 3100 demum
722 3037 788 3100 vim
821 3035 989 3127 quamdam
1020 3034 1135 3116 hahet,
1170 3038 1196 3102 si
1221 3034 1289 3100 alia·

250 3141 395 3226 graviora
412 3141 569 3207 accedant.
616 3143 666 3224 2⁰]
693 3141 816 3232 »Apud
847 3142 989 3206 Servium
1015 3141 1055 3205 ad
1090 3143 1174 3226 Virg.
1216 3139 1280 3207 Ecl.

252 3267 269 3307 u
282 3243 319 3309 11.
353 3247 394 3308 34
422 3243 456 3310 h.
479 3243 499 3310 l.
520 3247 688 3326 citantem,
711 3243 792 3310 illud
814 3249 898 3312 dices
914 3267 1067 3335 nusquam
1088 3245 1281 3336 comparet.''

250 3347 292 3412 At
317 3344 462 3414 consulto
487 3347 540 3415 ille
564 3351 700 3416 omisisse
731 3349 855 3415 videtur
875 3371 962 3429 voc,
985 3351 1071 3441 quod
1087 3349 1169 3415 nihil
1190 3348 1284 3416 facie-

251 3451 306 3519 bat
329 3451 369 3518 ad
402 3475 487 3533 rem,
515 3469 545 3520 ct
567 3477 605 3520 ex
627 3469 692 3520 tota
715 3455 863 3520 orationis
888 3460 964 3521 serie
984 3456 1109 3522 demum
1131 3471 1213 3523 recte
1235 3459 1283 3522 in-

251 3555 352 3643 telligi
377 3572 487 3648 potest.
532 3560 616 3641 Quid
640 3560 725 3651 quod
748 3561 852 3626 omisit
877 3560 971 3625 etiam
991 3582 1061 3638 me,
1090 3561 1178 3647 cujus
1192 3560 1283 3625 omit·

252 3662 339 3730 tendi
355 3661 443 3728 nulla
459 3678 524 3728 erat
543 3665 659 3730 causa?
701 3664 819 3730 Deinde
842 3665 1066 3730 commentarii.
1077 3665 1177 3729 Servii
1190 3661 1287 3728 valde-

252 3765 387 3835 mutilati
414 3768 454 3833 ad
482 3791 540 3835 nos
565 3785 724 3838 venerunt.
770 3771 820 3852 3⁰!
851 3773 992 3849 allisos,
1017 3769 1042 3834 si
1064 3766 1116 3832 hic
1141 3783 1282 3848 maneat,

252 3900 268 3941 u
283 3874 520 3940 etincommodo
538 3890 628 3942 estet
644 3876 812 3966 perniciei;
843 3876 961 3967 quippe
988 3873 1132 3941 Chremes
1156 3875 1282 3966 quidem

253 4003 270 4043 u
284 3978 345 4043 hoc
374 3977 504 4058 dixerit,
537 3978 731 4045 Menedemus
753 3979 880 4044 minime
899 3980 1049 4044 omnium.
1096 3980 1128 4044 Si
1150 3980 1216 4070 ipse
1237 3981 1283 4044 sa-

254 4097 405 4162 »teatur,
430 4082 589 4174 poenitere
613 4105 661 4163 se,
684 4096 834 4174 quantum
844 4085 946 4173 operis
965 4083 1037 4164 fiat,
1065 4106 1120 4149 cur
1140 4107 1203 4149 non
1216 4085 1286 4174 ipse

253 4211 403 4256 »cessans
423 4211 527 4258 servos
556 4203 664 4274 urget,
687 4185 812 4278 utplus
832 4188 910 4256 liat?
933 4213 988 4257 cur
1011 4211 1108 4278 prave
1131 4205 1161 4254 et
1188 4189 1287 4253 inuti-
