3182 5014
798 608 840 669 82

299 798 355 862 Sic
377 797 463 862 dedit
484 795 651 886 Bentlejus.
684 797 720 860 In
737 817 830 862 versu
849 797 952 886 primo
972 793 1054 863 illud
1072 800 1199 865 Phanio
1218 796 1335 862 Critoni

304 901 457 969 tribuerat
477 905 632 982 Donatus,
653 901 738 994 qnod
758 901 871 968 falsum
887 925 951 968 esse
970 901 1106 968 ostendit
1124 900 1280 990 Bentlejus
1296 903 1336 968 ad

305 1005 336 1072 h.
352 1005 372 1072 l.
403 1008 464 1073 Sed
476 1033 514 1075 ex
525 1009 663 1097 ejusdem
674 1007 786 1070 Donati
799 1006 1026 1071 commentariis
1038 1019 1133 1095 patet,
1147 1005 1240 1072 fuisse
1252 1004 1337 1085 olim,

306 1112 360 1202 qui
378 1134 442 1176 non
458 1113 592 1191 Critoni,
616 1111 669 1176 sed
680 1108 847 1201 Pamphilo
859 1109 1047 1190 tribuerent,
1066 1109 1161 1200 idque
1176 1109 1337 1201 amplexus

305 1233 351 1283 est
369 1215 538 1305 Bentlejus.
574 1215 650 1280 lllihi
672 1230 817 1282 neutrum
838 1213 998 1304 probatur.
1034 1215 1112 1281 Nam
1134 1212 1223 1280 nulla
1245 1238 1338 1280 causa

301 1336 370 1388 erat
393 1322 529 1402 Critoni,
550 1344 606 1387 cur
621 1320 682 1386 hoc
700 1343 814 1386 nomen
831 1318 983 1386 submissa
1003 1342 1080 1386 voce
1099 1321 1337 1410 pronuntiaret3

304 1431 423 1494 scilicet
442 1429 545 1494 outae
567 1431 728 1508 dubitans,
750 1451 793 1494 ort
815 1432 883 1513 ipse
903 1433 959 1508 sit,
977 1428 1081 1519 inquit
1097 1429 1245 1493 Donatus.
1276 1427 1337 1492 Sed

305 1531 339 1595 in
358 1553 419 1620 seq,
440 1530 534 1596 etiam
555 1554 647 1597 versu
670 1533 788 1623 pariter
807 1530 931 1597 dubitat
951 1555 990 1598 an
1009 1533 1076 1622 ipse
1096 1534 1152 1612 sit,
1184 1546 1214 1597 et
1233 1544 1337 1596 tamen
1401 1571 1404 1579 ·

304 1633 403 1701 libere
431 1638 611 1727 opinionem
641 1661 729 1704 suam
759 1637 931 1728 profitetur.
967 1637 1030 1703 Nec
1060 1633 1227 1727 Pamphilo
1255 1648 1338 1700 recte

307 1737 415 1817 datur,
441 1741 559 1832 quippe
578 1742 632 1832 qui
655 1764 719 1806 non
742 1765 834 1807 ausus
853 1741 961 1807 fuisset
984 1740 1156 1821 Critonem,
1177 1752 1338 1830 praesente

305 1858 412 1935 patre,
429 1843 622 1911 submonere.
654 1845 725 1915 vid.
745 1869 839 1936 supra
855 1869 901 1912 vs.
924 1850 980 1911 15:
1085 1841 1088 1851 ‘

306 1950 1340 2039 Putttmetuomporremtooeoprotttaroittomqooumoseum

1231 2059 1338 2142 probe.

308 2183 410 2252 neque
439 2161 498 2226 ista
532 2158 689 2250 Pamphili
719 2161 851 2225 monitio
877 2161 1029 2251 potuisset
1057 2157 1149 2227 facile
1181 2163 1338 2227 Simonem

303 2267 498 2356 suspicacem
518 2263 630 2344 latere,
663 2287 735 2330 curn
759 2267 941 2356 praesertim
966 2266 1010 2330 ita
1031 2265 1113 2332 illud
1132 2289 1245 2333 nomen
1266 2290 1340 2358 pro-

305 2371 444 2450 nuntiet,
466 2385 502 2435 ut
525 2383 554 2434 et
576 2368 659 2435 Crito
685 2384 716 2435 et
737 2370 880 2436 Chremes
904 2370 1080 2436 exaudiant.
1107 2373 1193 2437 Infra
1214 2371 1339 2436 demum

304 2498 351 2542 vs,
373 2477 414 2539 40
434 2497 503 2566 sqq.
522 2473 655 2540 Critonis
669 2477 835 2542 memoriae
851 2477 1003 2541 succurrit
1025 2474 1224 2568 Pamphilus,
1246 2499 1339 2568 quem

305 2578 411 2644 locum
428 2601 500 2645 cum
518 2578 579 2644 hoc
596 2593 703 2645 nostro
721 2581 860 2645 conferas
876 2577 979 2646 velim.
1011 2581 1073 2646 flas
1090 2580 1131 2646 oh
1150 2602 1258 2668 causas
1273 2603 1338 2646 nou

306 2683 400 2749 credo
423 2699 505 2750 recte
528 2707 545 2749 a
567 2681 707 2772 Bentlejo
730 2685 815 2751 hunc
838 2685 943 2751 locum
961 2708 1026 2751 esse
1045 2687 1266 2768 constitutnm3
1284 2687 1338 2755 sed

307 2789 427 2855 accedit
452 2787 545 2853 etiam
565 2787 652 2853 aliud
673 2801 897 2876 argumentum.
937 2789 1063 2857 Codices
1080 2788 1173 2877 longe
1191 2791 1337 2882 plurimi,

305 2897 340 2961 in
370 2891 482 2986 quibus
507 2892 691 2975 Bembinus,
717 2893 798 2961 liber
822 2896 958 2986 optimae
986 2911 1095 2976 notae,
1125 2896 1178 2963 htc
1204 2897 1339 2964 habent:

196 3075 199 3080 ,
305 3003 430 3070 Nemea
451 3012 517 3068 tom
535 3007 593 3068 cito
611 2999 695 3063 unu?
714 3003 939 3067 PhaniaHem.
962 3003 1110 3092 Suspicor
1119 3001 1201 3070 illud
1213 3007 1341 3070 Plania

303 3129 381 3172 casu
400 3105 536 3197 quodam
562 3108 593 3171 in
619 3119 738 3170 textum
758 3105 934 3196 irrepsisse,
959 3129 1022 3197 quo
1045 3107 1149 3174 demto
1173 3123 1204 3174 et
1231 3131 1338 3175 versus

304 3210 417 3275 evadet
437 3212 591 3300 optimus,
609 3225 638 3274 et
660 3232 766 3275 sensus
786 3207 1065 3295 luculentissimus,
1087 3214 1181 3281 modo
1203 3237 1261 3282 sua
1274 3214 1341 3279 cui-

305 3339 367 3407 que
389 3339 538 3406 personae
560 3317 779 3383 restituantur:

306 3425 352 3489 l‘s
364 3424 411 3488 ihi
418 3431 562 3488 mortuus
573 3421 778 3508 esrscnssjus
790 3433 920 3489 nomon?
929 3420 981 3486 Cu.
994 3423 1117 3490 Ndmea
1129 3433 1195 3488 tom
1204 3421 1262 3488 etto
1274 3423 1339 3488 titi.

1192 3525 1339 3591 PuHem

305 3632 414 3696 Perit!
431 3629 486 3696 Cu.
507 3653 617 3698 oerum
636 3634 739 3698 hercle
756 3633 868 3716 opinor
879 3634 1171 3719 fotsseptootam:
1190 3635 1247 3697 hoc
1258 3635 1340 3697 certa

1187 3738 1258 3802 scio.
1281 3744 1336 3798 etc.

304 3839 462 3932 Pamphili
494 3855 567 3906 sunt
597 3845 679 3908 Hem
698 3846 808 3926 perii!
836 3842 1001 3908 metuentis
1028 3863 1068 3906 ne
1089 3839 1245 3912 Critonem
1265 3835 1339 3901 defi·

301 3947 366 4011 ciat
393 3948 549 4013 memoria.
584 3949 622 4013 Et
651 3954 732 4035 perii
762 3949 888 4040 quidem
904 3953 970 4036 jam
992 3945 1107 4012 Donati
1130 3957 1268 4031 tempore
1285 3941 1340 4006 da·

302 4050 395 4118 hatur
430 4049 614 4142 Pamphilo,
657 4077 847 4147 quamquam
887 4053 969 4120 male
1002 4048 1139 4141 explicat
1175 4051 1338 4134 magister:

302 4179 320 4221 r>
333 4161 428 4225 Perii.
474 4159 540 4223 Hoc
563 4156 746 4248 Pamphilus
768 4175 841 4251 post
863 4159 1061 4225 iracundiam
1084 4153 1212 4243 patris.'’

709 4299 915 4325 W
