3182 5014
681 1274 1134 1380 POENULUS.

807 1553 1009 1580 ...σοφο-

388 1692 469 1760 Prol.
492 1716 538 1761 vs.
563 1698 621 1762 53:

521 1801 754 1871 Carchedonius
771 1807 901 1872 uocetur
922 1807 999 1872 boec
1022 1806 1208 1883 Comoedia,

516 1909 631 1976 Latino
652 1910 788 1974 Plautus
810 1911 954 1976 Patruus
971 1911 1258 1994 pollipimpdnides.

387 2008 484 2078 lllultu
504 2009 558 2078 hic
579 2017 652 2080 suni
674 2010 813 2075 notanda
825 2035 834 2092 ;
855 2012 994 2101 primum
1016 2013 1258 2078 constructionis
1287 2010 1423 2078 insolen-

386 2117 431 2184 tie
442 2166 452 2199 ,
478 2140 572 2209 quam
594 2115 648 2182 alii
667 2119 852 2206 conjecturis
871 2115 980 2184 tollere
1002 2117 1209 2198 studuerunt,
1237 2114 1291 2182 alii
1311 2115 1423 2184 Plauto

386 2243 452 2288 non
477 2222 640 2308 indignam
658 2221 852 2303 habuerunt;
881 2245 938 2308 ego
963 2245 1032 2289 eam
1048 2220 1161 2289 Plauto
1183 2238 1261 2315 puto
1282 2247 1348 2290 esse
1371 2227 1424 2289 in-

386 2323 607 2412 dignissimam
622 2329 871 2414 conjecturarum
882 2341 1004 2408 autem,
1021 2351 1099 2418 quas
1120 2331 1181 2396 viri
1202 2331 1287 2396 docti
1305 2353 1424 2420 propo·

385 2444 533 2511 suerunt,
551 2429 640 2497 nulla
659 2431 738 2497 mihi
756 2455 794 2498 ex
814 2433 899 2498 omni
923 2447 1013 2523 parte
1032 2432 1193 2524 probatur.
1228 2437 1313 2518 Quid
1331 2434 1425 2501 Plau-

385 2549 436 2602 tus
458 2535 631 2628 scripserit,
660 2538 697 2628 (si
725 2552 830 2603 tamen
848 2534 924 2604 haec
942 2535 1046 2604 Plauti
1066 2539 1149 2629 sunt)
1173 2539 1318 2607 divinutu
1338 2539 1423 2606 diffi-

385 2638 445 2706 cile
478 2654 543 2720 est,
571 2664 673 2732 neque
702 2641 832 2709 sortasse
862 2644 929 2708 sine
950 2644 1230 2735 Manuscriptorum
1257 2643 1421 2712 meliorum

385 2741 503 2812 auxilio
522 2769 672 2838 umquam
686 2745 850 2814 constabit.
895 2749 960 2836 Ego
983 2746 1105 2840 aliquid
1123 2748 1264 2814 desidero
1283 2750 1316 2814 in
1338 2747 1420 2814 banc

384 2849 449 2916 iere
471 2851 670 2917 sententiam:

539 2955 771 3024 Carchedonius
792 2961 921 3026 ooodtor
942 2960 1019 3024 boec
1042 2959 1210 3025 Comoedia

539 3062 657 3129 Graeco
667 3111 675 3140 ,
700 3064 814 3130 Latino
835 3065 979 3129 Potruus
996 3065 1282 3148 pultipbapdnides.

383 3165 423 3231 cf.
455 3164 555 3232 Bentl.
589 3166 630 3231 ad
660 3167 785 3235 Phorm.
814 3166 894 3259 prol.
918 3191 963 3235 vs.
994 3171 1045 3234 26.
1091 3167 1208 3233 Deinde
1245 3166 1419 3234 molestiam

383 3273 501 3338 creavit
525 3271 635 3340 vocab.
654 3277 946 3362 poltrpbcponides,
969 3273 1222 3342 dissentientibus
1250 3275 1325 3341 viris
1347 3276 1420 3341 doc-

379 3379 437 3460 tis,
466 3393 572 3445 utrum
589 3383 760 3448 ¹Romanus
780 3379 973 3468 intelligatur
998 3406 1038 3447 un
1067 3384 1196 3448 Poenus.
1223 3381 1362 3472 Denique
1384 3383 1417 3445 in

383 3482 504 3576 duplici
525 3484 581 3551 illo
601 3484 727 3553 fabulae
745 3488 871 3554 nomine
901 3489 1077 3579 (Poenulus
1097 3503 1128 3555 et
1157 3490 1301 3554 Patruus
1323 3490 1421 3570 polti-

378 3588 584 3678 pbcpooidos)
611 3589 742 3671 haere03
763 3614 863 3681 neque
886 3592 971 3656 enim
993 3592 1104 3673 credo,
1127 3592 1161 3656 id
1187 3592 1283 3657 moris
1301 3590 1417 3670 inisse,

381 3708 417 3760 ut
444 3693 564 3785 duplici
589 3696 716 3761 nomine
740 3690 863 3762 fabulae
892 3693 1142 3763 inscriberentur.
1187 3697 1267 3762 Fieri
1291 3708 1418 3786 potest,

380 3815 417 3867 ut
445 3800 563 3866 Graeca
596 3795 756 3866 comoedia
780 3799 828 3865 bis
851 3801 883 3864 in
907 3799 1040 3866 latinum
1067 3823 1239 3867 sermonem
1268 3821 1419 3864 conversa

379 3905 487 3985 fuerit,
510 3904 720 3997 indideritque
740 3903 869 3972 Plautus
887 3928 960 3971 suae
974 3905 1109 3970 versioni
1128 3907 1266 3971 Poenult'
1285 3925 1416 3991 nornen,

379 4007 456 4076 alter
476 4022 569 4100 poeta
598 4030 685 4074 suam
714 4006 853 4074 fabulam
879 4013 1038 4077 Patronem
1056 4009 1350 4094 pultipbopooidom
1371 4009 1418 4072 in-

378 4114 552 4204 scripserit;
576 4127 659 4180 certo
691 4113 743 4180 bie
767 4112 939 4205 prologus,
971 4114 1031 4179 nisi
1063 4114 1103 4179 sit
1136 4112 1413 4203 corruptissimus,

1571 2517 1575 2680 l

1564 3963 1575 4006 ⁴
