3182 5014
528 1215 922 1321 ADELPIII.

622 1485 828 1510 m·

253 1671 279 1736 1.
308 1674 322 1734 l
349 1692 393 1736 vs.
420 1672 476 1735 18:
654 1676 686 1734 et
705 1669 789 1754 quod
809 1668 1010 1754 fortunatum
1031 1663 1085 1730 tut
1104 1675 1242 1750 potants

212 1777 345 1841 oaorem
367 1793 542 1860 numquam
564 1771 669 1837 habui.

210 1873 349 1941 Donatus
366 1877 406 1942 ad
424 1876 509 1943 hunc
530 1891 671 1943 versurus
701 1898 718 1938 u
733 1875 866 1941 Romani
879 1874 1013 1957 scilicet,
1027 1875 1081 1967 qui
1093 1879 1241 1945 coelibum

212 1981 331 2072 »quasi
350 1986 490 2050 coelitem
506 1982 627 2047 dicunt.
661 1980 700 2044 Et
724 1979 799 2047 item
818 1980 946 2061 Graeci,
967 1980 1053 2072 apud
1071 2005 1149 2073 quos
1167 1997 1241 2050 sunt

212 2085 421 2175 »hujusmodi
440 2085 626 2152 sententiae:

210 2192 838 2258 ΓΑΜΕΙΠΑΜΦΙΛΟΟΓΑΜΕΙΤω
851 2191 1243 2270 KAyAPIAHAIKH·

1068 2295 1241 2384 [CaNME.

211 2404 396 2494 Corruptam
415 2401 600 2472 sententiam
613 2403 680 2490 jam
704 2399 758 2467 alii
777 2401 870 2468 credo
889 2399 1140 2468 emendaverunt.
1165 2399 1241 2466 Mihi

210 2524 367 2601 praeterea
389 2531 495 2574 versus
518 2505 643 2570 videtur
664 2528 729 2571 esse
748 2504 941 2584 trochaicus,
963 2505 1005 2570 ita
1018 2505 1241 2572 restituendus:

235 2667 237 2670 .
256 2610 423 2696 Πάμφιλος
446 2619 548 2694 γαμεῖ.
572 2651 617 2662 -
638 2616 672 2676 Γ
673 2615 787 2695 autito>
809 2637 816 2678 :
840 2617 892 2676 καὶ
915 2616 974 2698 γὰρ
996 2610 1121 2696 ἠδίκησέ
1143 2636 1191 2693 με.

211 2720 351 2810 Apparet
374 2717 450 2783 duas
473 2715 525 2782 hic
546 2716 634 2811 loqui
655 2741 811 2809 personas.
843 2719 878 2782 ln
900 2717 1040 2784 eamdem
1057 2717 1241 2782 sententiam

211 2841 258 2892 est
282 2846 406 2905 versus,
438 2847 530 2916 quem
558 2823 653 2890 habet
675 2839 783 2890 auctor
805 2823 846 2888 ad
873 2822 1062 2890 Herennium
1083 2822 1120 2888 11.
1143 2825 1160 2909 §
1183 2825 1241 2888 39:

212 2934 326 2997 Misera·
356 2941 433 2997 suat
463 2934 519 3018 qur·
547 2951 665 2997 uaoras
697 2928 888 2996 uacuatos.
920 2927 1014 2994 etiam
1044 2923 1147 2992 Plauti
1175 2926 1243 2992 Tri-

211 3054 328 3097 numm.
346 3033 383 3102 V.
407 3035 427 3096 2
450 3055 495 3098 vs.
519 3035 657 3097 60-62.

212 3338 445 3406 taoae:

255 3445 328 3511 Duo
351 3449 423 3510 cum
444 3447 528 3511 idam
549 3448 692 3532 suriunt,
718 3445 813 3530 saepo
834 3456 871 3512 ut
887 3445 991 3532 possis
1012 3444 1132 3524 duero,

255 3551 313 3616 hoo
334 3551 407 3616 ticet
426 3555 557 3636 impona
576 3554 683 3637 [douo
705 3554 793 3630 huis,
815 3553 868 3618 tta·
886 3553 952 3616 ooo
975 3552 1058 3616 ls'oot.

212 3675 317 3720 sensus
340 3653 528 3745 impeditior.
573 3654 675 3724 Verba
709 3654 909 3741 grammatice
941 3653 984 3718 ita
1011 3653 1174 3740 jungenda
1195 3651 1244 3718 vi·

212 3759 342 3825 dentur:
377 3761 444 3852 (itu)
467 3773 505 3829 ut
525 3783 620 3849 saepo
637 3766 742 3848 possis
764 3766 883 3842 ditare,
913 3780 985 3828 cum
1007 3763 1069 3826 duo
1090 3763 1175 3828 Mam
1194 3761 1244 3846 sa·

212 3865 312 3942 oium,
335 3864 391 3931 hoo
414 3868 486 3931 licat
505 3875 560 3931 eto.
604 3865 665 3929 Sed
688 3861 833 3930 aasentias
855 3885 948 3930 eausa
976 3863 1009 3928 in
1031 3887 1122 3932 versu
1145 3863 1244 3932 altero

213 3967 347 4034 scrihere
369 3968 493 4035 malim:

255 4074 337 4139 Huic
360 4077 433 4141 licut
451 4079 582 4159 impuno
601 4078 708 4160 susara
731 4077 803 4155 hoo,
824 4078 875 4142 itti
895 4075 960 4142 ooo
982 4078 1060 4142 licet.

200 4176 255 4240 ·Ut
277 4180 374 4263 magis
395 4179 580 4246 exaudiatur
598 4183 678 4248 huia.
714 4183 790 4247 Nam
810 4177 964 4248 vocabula
987 4204 1067 4270 quae
1096 4181 1127 4244 in
1154 4179 1243 4268 prin-
