3182 5014
819 625 857 688 61

367 826 399 887 et
419 817 477 886 tibi
496 821 681 884 eventuram
701 818 757 882 hoc
780 836 865 882 anno
883 818 1013 884 uberum
1029 826 1164 885 uzcsscsm
1182 821 1269 894 mali,

368 927 405 988 cit
427 927 474 989 mi
492 925 573 988 istoc
591 923 677 987 dicos
699 925 804 1006 nepoti
821 924 897 1006 quid
916 925 975 1000 sit,
999 927 1083 1009 quod
1100 927 1280 990 tumultum.

323 1027 438 1095 Versus
459 1024 612 1092 secundus
629 1025 717 1110 gravi
737 1023 860 1090 laborat
878 1027 976 1106 vitio;
992 1048 1066 1091 nam
1081 1049 1138 1092 nec
1149 1024 1354 1112 sporusjungi

322 1146 427 1222 potest
445 1132 577 1221 tempori
602 1130 758 1220 praesenti
784 1127 893 1224 (esso),
918 1153 990 1195 cum
1008 1137 1190 1221 pracsertim
1209 1149 1357 1223 sequatur

323 1261 416 1304 versu
434 1261 496 1329 seq.
516 1248 716 1313 eventuram,
735 1255 793 1299 nec
813 1235 943 1300 uberem
962 1232 1015 1298 hic
1038 1248 1118 1301 stare
1138 1249 1256 1326 potest,
1282 1237 1357 1328 quia

324 1345 429 1410 statim
449 1343 531 1410 idem
548 1340 709 1434 epitheton
731 1341 868 1406 iteratur.
897 1341 961 1426 Ego
970 1363 1040 1408 csso
1055 1341 1242 1427 ejiciendum
1253 1342 1356 1420 oredo,

322 1463 353 1514 et
375 1471 434 1539 pro
456 1450 587 1516 uberem
608 1445 774 1532 legendum
794 1449 961 1533 suturam:

410 1554 449 1620 St
466 1554 524 1619 ubi
539 1555 681 1618 ulmednt
697 1554 843 1638 suturam
860 1557 969 1634 speras
985 1553 1222 1636 oirqidemiam

410 1663 442 1724 ct
463 1659 520 1724 tibi
537 1662 719 1724 eventuram
737 1657 795 1726 hoo
817 1657 1053 1722 annumerem
1068 1665 1202 1724 messem
1216 1660 1306 1723 moli.

324 1763 375 1828 Sic
395 1759 506 1826 melius
520 1776 651 1851 ¹quoque
673 1775 703 1826 et
725 1761 908 1826 concinnius
929 1758 1059 1846 singulis
1076 1761 1279 1827 substantivis
1293 1760 1357 1825 sin·

323 1864 398 1954 gula
428 1868 605 1953 junguntur
639 1866 806 1953 adjectiva.
853 1867 933 1932 Huic
959 1869 1156 1953 conjecturae
1190 1888 1253 1931 non
1287 1865 1357 1933 leve

323 1970 444 2038 accedit
461 1984 667 2051 momentum,
692 1970 777 2062 quod
790 1973 858 2059 jam
879 1973 1011 2062 propius
1026 1971 1147 2036 accedit
1161 1972 1241 2037 senis
1256 1973 1356 2036 orutio

322 2080 362 2145 ad
384 2077 480 2146 verba
495 2076 726 2161 Trachalionis3
749 2079 869 2144 dixerat
884 2077 937 2144 hic
957 2079 1014 2168 (vs.
1037 2075 1104 2165 16):
1127 2080 1157 2142 si
1171 2099 1282 2161 sperus
1301 2080 1359 2146 tibi

322 2189 460 2253 muitum
485 2201 624 2248 monuit
648 2188 734 2270 sirpo
763 2195 794 2252 ct
823 2187 1038 2269 laserpitium,
1068 2182 1181 2267 regerit
1213 2182 1241 2247 ei
1264 2205 1357 2248 senex

321 2293 434 2356 iratus:
457 2293 487 2356 si
503 2311 613 2374 speras
633 2291 691 2356 tibi
710 2293 851 2356 ulmeam
870 2304 1009 2354 nonnum
1028 2292 1263 2375 oc'rpidoou'om,⁸
1286 2312 1358 2380 per·

321 2409 444 2462 rexerat
467 2417 588 2461 servus:
609 2404 640 2462 ct
657 2396 715 2462 titt
734 2405 919 2462 eventuram
937 2416 1108 2482 coapoonm
1130 2395 1274 2478 Capuam
1292 2399 1360 2462 sal.

321 2524 403 2580 uam,
417 2500 522 2592 pergit
543 2500 660 2591 pariter
680 2501 865 2566 Daemones:
887 2510 918 2566 et
938 2501 996 2567 tibi
1016 2509 1201 2566 eventuram
1227 2500 1356 2565 uberem

322 2628 458 2673 messem
485 2610 571 2672 moli.
608 2605 685 2672 Inde
709 2618 841 2696 apparet
867 2604 978 2684 etiam,
1006 2605 1040 2670 ni
1069 2601 1179 2682 fallor,
1208 2602 1240 2668 in
1263 2625 1356 2669 versu

324 2713 365 2775 22
387 2709 538 2792 Codicum
557 2709 735 2777 lectionem:
756 2722 794 2777 ut
810 2711 867 2777 tibi
883 2713 1035 2792 ulmeam,
1053 2725 1135 2775 recte
1153 2707 1193 2774 ab
1214 2707 1357 2774 Acidalio

322 2829 494 2882 correctam
525 2838 605 2896 esse,
635 2838 736 2908 neque
763 2813 816 2879 hic
837 2814 1028 2880 audiendum
1050 2838 1114 2884 esse
1139 2815 1356 2896 Gronovium3

321 2918 391 2986 loca
417 2920 517 3001 enim,
546 2943 626 3012 quae
658 2918 764 2986 attulit
795 2919 844 2984 vir
871 2943 1019 3006 magnus,
1049 2921 1146 3013 paulo
1169 2920 1259 2988 aliter
1283 2935 1357 2988 sunt

322 3038 519 3115 comparata;
538 3045 574 3090 ea
599 3024 740 3116 exempla
762 3026 845 3092 euim
867 3024 1000 3092 habent:
1024 3037 1061 3093 ut
1078 3031 1171 3094 uoltis
1183 3076 1208 3090 ..
1223 3077 1230 3092 .
1246 3076 1276 3092 ..
1310 3030 1356 3092 ita

319 3133 467 3218 sumatis,
486 3144 517 3195 et
531 3134 614 3198 sicut
631 3133 679 3196 cis
698 3165 783 3181 --
805 3133 851 3195 itu
866 3140 896 3195 tc
911 3130 1058 3207 obtectum
1077 3145 1211 3220 utroque
1233 3129 1304 3196 loco
1323 3131 1355 3197 in

321 3233 604 3324 apodosiinsertur
625 3231 862 3324 particulatim,
890 3255 969 3321 quae
995 3233 1072 3299 adeo
1098 3236 1268 3302 necessaria
1290 3248 1355 3315 est3

321 3337 374 3404 hic
397 3353 500 3404 autem
523 3362 586 3405 non
610 3337 731 3425 legitur.
