3182 5014
713 1195 1094 1365 nnonnlo.

392 1645 411 1712 l.
437 1653 456 1712 3
480 1671 527 1714 vs.
555 1653 596 1715 20
619 1674 684 1742 sqq.

390 1756 431 1821 As
451 1761 483 1821 to
510 1759 589 1822 milti
603 1769 712 1824 contro
737 1765 824 1826 nono
845 1766 950 1829 nidero
966 1765 1169 1849 ldrtonotos,
1194 1766 1373 1846 Phdodrio,

389 1864 442 1926 coi
463 1863 501 1926 do
519 1864 639 1946 inteqro
660 1873 708 1928 ost
723 1873 861 1946 potestas
875 1871 998 1945 eciam,
1009 1870 1210 1947 consulendi,
1233 1871 1414 1954 qoidoelt's;

387 1968 542 2045 retinere,
568 1988 690 2045 amoro,
706 1970 862 2033 omittere:
876 1991 929 2054 eoo
940 1974 974 2036 itt
988 1991 1061 2035 eom
1071 1973 1170 2036 insidi
1179 1976 1413 2058 infolinlooom,

387 2079 542 2157 nitidque
559 2075 604 2137 mi
620 2073 691 2158 ejus
715 2074 758 2136 sit
774 2072 965 2152 omittendi,
989 2083 1045 2140 neo
1065 2078 1223 2142 retinendi
1240 2081 1371 2162 copiam.

386 2179 548 2264 Ingeniose
577 2176 757 2266 Bentlejus,
790 2193 820 2244 et
834 2169 927 2260 ¹vere,
949 2182 982 2246 ni
1002 2178 1111 2259 fallor,
1134 2181 1167 2245 in
1183 2204 1275 2246 versu
1299 2186 1339 2248 23
1356 2205 1417 2274 pro

387 2290 531 2352 omittere
557 2285 681 2374 scripsit
708 2306 751 2350 ou
775 2289 897 2352 utiliore
912 2309 985 2352 nam
1003 2301 1106 2377 »post
1126 2292 1325 2369 consulendi,
1344 2311 1417 2357 ooo-

385 2413 402 2453 »
415 2392 578 2467 saltandi,
614 2389 832 2468 deliberandi,
869 2390 956 2481 sequi
987 2389 1078 2456 debet
1103 2393 1237 2470 Utrum,
1263 2396 1329 2474 An,
1351 2397 1414 2475 No,

385 2509 448 2559 »ut
474 2494 548 2558 Hec.
582 2493 634 2558 III.
661 2497 679 2558 5
702 2516 747 2558 vs,
783 2497 824 2558 59
847 2510 878 2560 et
906 2492 993 2560 Adel.
1028 2497 1064 2561 11.
1093 2499 1108 2558 1
1138 2519 1183 2560 vs.
1212 2497 1282 2562 4132
1325 2498 1414 2563 Dices

383 2599 512 2664 sortasse
536 2619 580 2664 ott
605 2597 657 2661 hie
679 2595 783 2663 locum
809 2620 962 2689 occupare
985 2599 1234 2679 incommodum3
1265 2623 1338 2667 nam
1357 2625 1414 2692 op-

382 2707 460 2792 poni
482 2705 526 2767 sie
547 2703 609 2767 duo
629 2699 684 2766 illa
710 2707 846 2770 retinere
879 2725 989 2770 amore
1011 2704 1065 2768 uni
1078 2709 1221 2781 mittere;
1242 2707 1414 2772 necessario

283 2854 286 2860 .
381 2807 478 2892 igitur
498 2808 613 2897 requiri
631 2804 777 2896 copulam
800 2817 838 2874 ot.
882 2810 976 2872 Recte
995 2805 1056 2871 hoo
1067 2832 1075 2888 3
1097 2823 1128 2873 et
1151 2821 1253 2873 tamen
1273 2832 1348 2874 vera
1367 2823 1413 2876 est

380 2909 513 2997 Bentleji
537 2913 730 2997 conjectura,
764 2910 858 2974 modo
888 2910 1054 2996 adjuvetur
1094 2908 1190 2975 altera
1223 2913 1412 2998 conjectura.

379 3021 482 3103 Rogat
502 3014 658 3103 Bentlejus
688 3016 735 3100 (ut
766 3015 909 3079 ostendat
939 3037 971 3080 se
1000 3017 1072 3102 jure
1099 3029 1234 3081 mutasse
1249 3014 1412 3102 vulgatam

380 3120 557 3210 lectionem)
590 3121 776 3213 »quomodo
810 3126 954 3190 amittere
987 3122 1113 3213 potuit,
1145 3145 1239 3214 quam
1269 3123 1412 3190 nondum

381 3250 397 3290 »
410 3224 567 3289 habuit?''
600 3225 694 3294 Vides
712 3225 795 3291 idem
811 3223 914 3292 valere
927 3226 965 3292 de
976 3225 1073 3292 verbo
1093 3232 1236 3295 retinere.
1274 3229 1423 3318 Qu0m07

380 3329 421 3395 do
446 3330 529 3394 enim
555 3334 692 3398 retinere
718 3332 840 3422 potuit,
873 3355 967 3425 quam
999 3332 1141 3398 nondum
1165 3332 1303 3400 habuit?
1345 3335 1412 3420 Ego

379 3435 505 3528 quidem
518 3432 600 3500 illud
618 3441 754 3504 retinere
773 3436 804 3502 h,
829 3435 849 3502 l,
872 3437 1028 3529 explicare
1056 3440 1111 3504 vix
1131 3459 1275 3529 possum,
1297 3435 1413 3503 haesit-

377 3563 438 3631 que
457 3541 551 3605 etiam
576 3542 731 3622 Donatus,
755 3543 901 3609 dubitans
927 3558 1032 3609 utrum
1056 3545 1221 3631 conjuncte
1244 3540 1412 3628 legendum

377 3644 435 3709 sit:
460 3645 543 3726 Quid
565 3647 814 3714 oelisrstioere?
840 3669 880 3710 an
899 3669 970 3711 cum
982 3646 1181 3738 sequentibus
1190 3648 1288 3732 magis
1299 3647 1412 3712 cohae-

376 3761 442 3814 reat
467 3746 552 3813 verb.
583 3753 727 3816 retinere.
771 3750 959 3815 Concinnius
986 3753 1080 3816 etiam
1104 3753 1137 3816 in
1156 3750 1217 3816 hoe
1233 3774 1326 3818 versu
1344 3749 1410 3815 duo

374 3868 497 3919 tantum
524 3851 584 3918 sibi
614 3869 834 3944 opponuntur,
867 3854 1130 3946 quemadmodum
1160 3859 1193 3924 in
1220 3879 1313 3924 versu
1334 3879 1409 3947 seq,

374 3974 519 4024 monente
552 3958 660 4025 eodem
690 3962 819 4026 Donato.
876 3962 921 4026 Ne
948 3958 1048 4026 multa
1059 3986 1067 4042 ;
1101 3960 1267 4049 legendum
1296 3960 1410 4028 suedo:¹

372 4069 521 4132 Retinere
556 4086 696 4134 amorem
721 4089 765 4133 on
790 4073 930 4147 mittero,
959 4090 1022 4158 quo
1055 4083 1149 4158 pacto
1192 4091 1261 4134 eam
1274 4065 1409 4134 habebis

373 4172 632 4250 concinnitatem,
655 4194 750 4261 quam
768 4168 963 4236 desiderabat
975 4172 1134 4252 Donatus,
1156 4192 1256 4261 neque
1271 4170 1410 4263 amplius

372 4275 507 4344 offendes
527 4277 559 4341 in
578 4274 733 4366 particula
747 4299 798 4345 on.
831 4278 945 4344 Amore
972 4291 1002 4342 et
1022 4299 1162 4345 amorem
1173 4276 1302 4345 confusa
1311 4278 1410 4344 etiam
