3182 5014
582 1137 1060 1238 lucullum.

699 1397 912 1418 *a—

338 1549 360 1614 l.
386 1554 405 1614 2
429 1568 470 1615 vs.
494 1551 536 1616 24

338 1653 491 1747 Staphyla
517 1655 632 1722 ancilla
650 1654 781 1744 jubetur
799 1655 840 1720 ab
859 1655 1009 1723 Euclione
1028 1659 1203 1741 neminem,
1220 1682 1251 1726 se
1267 1658 1328 1724 ab·

293 1775 394 1843 sente,
426 1763 460 1844 in
489 1761 579 1828 aedes
609 1763 833 1835 intromittere.
858 1785 899 1828 ne
928 1763 1030 1852 ipsam
1060 1766 1187 1855 quidem
1209 1766 1328 1844 Bonam

292 1865 477 1946 Fortunam3
508 1866 559 1930 cui
581 1864 751 1956 Staphyla:
774 1890 791 1930 u
800 1865 857 1932 Pol
865 1867 894 1947 ,³²
917 1869 1042 1958 inquit,
1062 1891 1126 1935 »ca
1143 1872 1212 1960 ipsa
1234 1871 1327 1938 credo

294 1993 364 2036 une
386 1971 613 2036 intromittatur
642 1985 747 2048 cavet,

293 2097 370 2142 uam
380 2081 422 2142 od
434 2081 527 2144 cedas
545 2087 672 2142 costros
684 2080 844 2160 nusquam
858 2079 943 2156 adit,
960 2081 1154 2164 quamquam
1166 2101 1263 2166 propo
1273 2090 1328 2148 cst.

292 2205 373 2272 quae
387 2197 522 2247 extrema
540 2180 636 2246 verba
648 2181 831 2266 corrigenda
850 2181 939 2245 duxit
958 2183 1135 2250 Gronovius
1147 2183 1207 2250 hoc
1217 2185 1330 2262 modo:

292 2311 454 2374 quoquam
472 2310 591 2372 propo,
613 2287 699 2378 quod
716 2289 833 2378 recepit
855 2287 992 2354 Bothius.
1037 2289 1079 2353 At
1105 2291 1240 2356 Weisius
1262 2313 1329 2357 ser-

291 2407 365 2456 vata
394 2391 522 2479 vulgata
561 2392 710 2471 lectione,
744 2393 943 2478 cogitandum
973 2408 1065 2484 putat
1096 2394 1244 2460 sacellum
1275 2410 1329 2460 aut

295 2498 417 2581 signum
431 2499 535 2564 Bonae
546 2501 721 2576 Fortunae,
748 2499 833 2590 quod
849 2521 949 2589 prope
961 2501 1049 2565 aedes
1058 2499 1216 2566 Euclionis
1226 2501 1327 2566 fuerit.

293 2601 408 2692 quue,
430 2602 504 2669 licet
531 2605 570 2670 de
596 2605 656 2668 isto
679 2601 793 2668 sacello
821 2625 861 2668 ne
892 2602 1024 2669 verbum
1052 2604 1180 2694 quidem
1208 2605 1328 2670 intuta

293 2708 454 2772 comoedia
488 2709 682 2797 proferatur,
711 2708 836 2774 defendi
862 2723 964 2773 tamen
997 2708 1103 2799 aliquo
1139 2709 1234 2774 modo
1267 2733 1328 2800 po·

293 2825 361 2877 test.
406 2810 482 2876 Mihi
514 2826 616 2876 autem
644 2809 759 2874 ancilla
789 2811 940 2898 respicere
964 2812 1089 2876 videtur
1117 2811 1244 2879 divitias
1269 2815 1330 2878 llle⁶

294 2918 420 3002 gadori,
457 2917 537 2984 sonis
564 2940 580 2983 c
603 2936 774 3005 proxurn0,
796 2915 829 2978 in
855 2916 943 3001 cnjus
960 2915 1088 2982 aedibus
1111 2939 1175 2982 non
1207 2919 1330 2987 inficeto

295 3020 438 3088 habitare
458 3021 556 3104 fingat
568 3021 691 3084 Bonam
700 3019 876 3082 Fortunam.

673 3209 768 3216 -η-
771 3208 902 3215 --....-..
905 3208 945 3215 .-

339 3356 378 3422 Π.
403 3358 431 3421 2.

340 3460 377 3524 ln
398 3458 458 3524 hac
482 3484 573 3528 soona
587 3477 649 3530 tres
667 3487 774 3531 versus
792 3459 960 3529 verborum
978 3461 1203 3550 tanspositione
1214 3483 1331 3528 sanan-

296 3569 353 3632 dos
375 3566 518 3634 arbitror.
541 3593 587 3636 vs.
612 3573 641 3636 8.

296 3678 677 3746 Jamttttrhomoouram
686 3673 1330 3757 mestitnubercamsolutothloudt'ua

296 3778 438 3866 legerim:
455 3782 1089 3867 jamtttiotomoaarumsrttmatabere.

298 3886 332 3950 in
359 3909 404 3952 vs.
436 3887 496 3966 49,
513 3884 568 3950 ubi
588 3888 666 3953 citra
682 3886 896 3953 necessitatem
911 3883 1072 3950 Goellerus
1093 3881 1225 3967 ejecerat
1247 3898 1329 3956 essa,

298 4004 330 4055 et
361 3989 443 4056 male
472 3991 663 4082 produxerat
688 3992 825 4080 priorem
853 3990 886 4053 in
917 3995 1005 4057 veuit
1034 3981 1130 4076 (quod
1159 3981 1331 4071 praesentis

299 4117 363 4160 esse
389 4097 538 4187 temporis
571 4093 756 4182 intelligitur
783 4117 820 4163 ex
843 4115 888 4160 vs.
919 4089 972 4178 51)
1004 4091 1035 4155 in
1063 4109 1099 4154 co
1118 4086 1214 4172 igitur
1238 4108 1330 4153 versu

299 4199 402 4286 legere
419 4200 538 4291 placet:
