3182 5014
539 1245 1003 1344 EUNUCHUS.

638 1495 898 1524 ——aeooe—

299 1654 448 1722 Probus.
473 1657 533 1718 25:

299 1764 444 1830 Colacem
465 1768 533 1828 esee
554 1762 655 1828 Naevi
675 1767 707 1822 et
727 1759 838 1823 Piceo
858 1767 991 1824 ueterem
1010 1759 1163 1844 fribolum.

254 1868 291 1934 ln
313 1865 374 1932 hoc
398 1888 491 1931 versu
521 1866 673 1930 incertum
701 1877 764 1940 est,
793 1876 898 1926 utrum
927 1874 1000 1952 post
1021 1865 1124 1930 Neem'
1149 1886 1188 1927 an
1208 1873 1281 1953 post

254 1975 365 2039 Pteme·
379 1973 419 2037 sit
440 1967 700 2054 distinguendum.
731 1965 815 2032 lllud
836 1989 929 2058 quam
949 1967 1054 2057 inepte
1073 1966 1145 2050 fiat,
1161 1969 1280 2054 egregie

254 2075 391 2142 ostendit
409 2072 585 2161 Bentlejus3
607 2070 668 2136 hoc
687 2073 852 2162 quominus
871 2085 1056 2152 statuamus,
1074 2073 1206 2164 impedit
1223 2096 1281 2138 nu·

254 2203 356 2246 merus
380 2177 562 2264 singularis3
580 2174 734 2242 debuisset
752 2177 835 2241 enim
859 2190 952 2266 poeta
972 2177 1004 2241 in
1027 2175 1145 2267 plurali
1162 2189 1281 2245 veteres

251 2288 397 2374 fabalem
424 2306 509 2350 nunc
533 2285 616 2350 enim
642 2281 702 2347 boc
732 2283 834 2348 dicere
860 2282 986 2348 videtur
1008 2284 1183 2365 Terentius,
1204 2285 1281 2350 Nac-

254 2393 343 2460 vium
365 2406 395 2458 et
415 2389 559 2457 Plautum
585 2387 753 2474 conjuncte
775 2387 869 2479 operi
895 2410 990 2453 unam
1010 2390 1168 2480 scripsisse
1186 2387 1281 2454 labus

253 2495 334 2577 lam,
360 2493 445 2587 quod
470 2497 533 2559 non
563 2506 609 2558 est
635 2489 819 2557 verosimile.
855 2489 1011 2579 Bentlejus
1033 2494 1140 2579 igitur,
1168 2509 1205 2559 ut
1231 2493 1279 2560 his

253 2600 490 2668 difficultatibus
512 2599 545 2664 in
569 2612 728 2689 posterum
748 2594 962 2678 liberaremur,
986 2600 1140 2690 reposuit:

297 2711 441 2776 Colacem
463 2714 531 2774 esse
552 2727 665 2790 maome
686 2707 797 2773 Pteme·
816 2715 952 2778 veterem
971 2707 1124 2790 sobolem.

252 2835 332 2906 quae
364 2815 541 2900 conjectura
572 2811 720 2876 audaciae
751 2811 878 2875 nomine
907 2808 1069 2899 displicet3
1102 2811 1278 2876 Hermanno

251 2939 377 3010 quoque
406 2915 487 2982 illud
516 2937 628 3000 nempe
656 2913 734 2981 bl.
767 2916 879 3001 frigere
909 2913 1086 2980 videbatur.
1130 2915 1279 3006 Suspicor

250 3025 425 3089 Terentium
447 3020 619 3111 scripsisse:

297 3133 441 3199 Colacem
463 3139 530 3198 esse
552 3129 654 3193 Naeui
674 3137 731 3194 met
751 3131 862 3194 Pla‘me‘
882 3139 1018 3194 veterem
1037 3127 1190 3212 sobolem.

251 3234 313 3300 hoc
343 3257 448 3300 sensu:
487 3255 504 3298 n
517 3233 595 3299 dixit
623 3233 835 3313 adversarius,
867 3249 985 3300 exstare
1014 3230 1156 3298 Colacem
1180 3232 1278 3298 Naevi

252 3353 336 3404 »aut
361 3335 464 3404 Plauti
491 3337 576 3427 (nam
599 3339 761 3425 cujusnam
786 3339 916 3418 dixerit,
947 3338 1108 3404 nonsatis
1137 3337 1275 3427 memini)

252 3458 415 3510 »veterem
444 3440 583 3509 fabulam
612 3441 716 3506 nescio
742 3442 863 3532 quam.'‘
905 3440 1077 3505 Artificiose
1099 3439 1277 3522 Terentius,

252 3563 288 3614 ut
306 3546 404 3628 solet,
424 3549 491 3636 jam
511 3567 595 3612 nunc
618 3545 750 3625 indicat,
775 3567 823 3625 se,
841 3568 909 3610 eam
931 3541 1070 3610 fabulum
1091 3545 1179 3634 prius
1196 3547 1278 3611 Lati-

251 3677 325 3720 nam
349 3654 464 3719 factam
491 3675 570 3733 esse,
599 3652 726 3716 omnino
759 3652 930 3737 ignorasse,
960 3665 995 3717 ut
1017 3672 1090 3716 mox
1120 3651 1276 3718 auditores

251 3756 345 3822 fidem
371 3754 431 3822 sibi
458 3753 597 3822 babeant
619 3752 759 3832 facilius,
787 3760 990 3840 peraequati,
1010 3775 1044 3820 se
1065 3758 1202 3836 scivisse,
1222 3778 1277 3823 eos

248 3865 378 3950 [ahaua
405 3859 602 3953 (Eunuchum
632 3873 664 3925 et
695 3857 848 3947 Colacem)
877 3865 979 3948 foetes
1008 3864 1100 3945 prims
1129 3868 1273 3930 Latinas.

255 3971 414 4049 Veterem,
448 3968 587 4058 adeoque
616 3968 762 4052 ipeotam.
806 3961 926 4030 Diffidit
952 3964 1046 4050 igitur
1074 3979 1167 4054 poeta
1188 3966 1276 4055 quasi

250 4074 417 4141 memoriae
433 4096 515 4154 suae,
535 4069 630 4162 plane
649 4087 685 4137 ut
705 4073 738 4138 in
759 4071 855 4137 Andr.
877 4075 900 4139 1.
920 4079 935 4138 1
953 4096 999 4138 vs.
1015 4074 1071 4136 59:
1092 4075 1275 4140 Phaedram

250 4187 309 4242 eat
337 4179 475 4245 Glitiam
503 4188 562 4242 oet
589 4179 772 4246 Niceratum
799 4178 957 4256 maetam,
986 4175 1025 4242 ad
1057 4200 1147 4268 quem
1170 4175 1274 4242 locum

1053 4286 1072 4346 6
1085 4284 1099 4314 e
