3182 5014
620 1177 1094 1304 PRAEFATIO.

760 1475 962 1502 ο-οθοοο-ι

342 1655 459 1740 Erunt
475 1680 623 1760 fortusse,
645 1681 698 1760 qui
709 1725 716 1751 ,
737 1682 867 1760 inspecto
890 1679 943 1738 boc
964 1678 1169 1758 qualicumque
1189 1676 1299 1748 libello,
1317 1694 1379 1736 non·

343 1784 445 1844 leviter
464 1783 675 1864 reprehendant
699 1805 792 1845 mam
812 1784 858 1844 oel
877 1784 1064 1860 tenuqitotem
1084 1782 1131 1842 oel
1153 1783 1374 1864 arrogantiam,

343 1881 421 1964 quod
430 1885 465 1942 in
476 1883 578 1964 prima
595 1882 650 1942 leae
660 1885 773 1943 virium
778 1884 1016 1964 periclitatione,
1039 1883 1375 1964 artemlougegraoissi-

343 2001 434 2053 mam,
445 1969 584 2061 longeque
604 1979 832 2058 difficillimam,
849 1983 988 2040 criticam
1001 1980 1084 2051 dieo,
1098 1982 1143 2039 ito
1151 1983 1375 2060 saudaumim,

344 2079 475 2141 utnulla
493 2097 554 2137 non
568 2079 687 2159 pagina
706 2079 787 2139 loeus
805 2081 852 2140 cel
870 2079 977 2140 Plauti
993 2078 1040 2137 oel
1060 2078 1189 2138 Terentii
1210 2083 1377 2162 conjectura

343 2194 477 2252 tentatus,
488 2189 539 2238 aut
557 2179 697 2240 aduersus
712 2182 1033 2263 aliorumeonjecturos
1053 2177 1223 2237 vindicatus
1243 2181 1292 2238 sit.
1317 2179 1377 2238 His

344 2305 396 2364 ego
417 2281 558 2352 breviter,
575 2291 673 2340 utres
688 2280 840 2360 postulet,
862 2279 1038 2360 respondeo:
1058 2297 1117 2337 uon
1131 2276 1202 2337 odeo
1224 2276 1376 2354 difficilem

342 2392 370 2440 et
386 2378 512 2439 arduam
530 2401 574 2438 me
595 2380 757 2458 suscepisse
767 2379 973 2458 provinciam,
988 2397 1024 2436 ac
1040 2377 1142 2456 primo
1163 2376 1259 2454 specie
1280 2375 1378 2458 uideri

339 2479 451 2558 possit,·
480 2496 550 2534 nom
577 2486 668 2536 toturn
694 2477 813 2557 quidem
845 2479 1017 2556 scriptorem
1047 2477 1087 2535 od
1115 2485 1207 2534 artem
1238 2477 1375 2534 criticam

342 2584 476 2633 ereetum
497 2572 581 2640 edere
600 2575 629 2631 si
648 2574 829 2645 oelis‚sane
847 2575 1034 2635 haecomnia
1053 2574 1159 2634 babeas
1175 2593 1290 2634 necesse
1322 2585 1378 2647 est,

342 2674 520 2754 eaquisitam
536 2671 719 2744 doctrinam,
739 2672 891 2731 subactum
901 2673 1076 2755 judicium,
1092 2673 1309 2754 felicissimum
1325 2676 1378 2733 in-

340 2772 463 2853 genium
472 2793 486 2843 ,·
503 2755 613 2849 quibus
627 2770 762 2830 omnibus
778 2791 866 2851 quam
883 2773 1069 2832 nudioariter
1085 2793 1137 2854 ego
1147 2773 1377 2854 eiminstructus

338 2870 430 2952 probe
455 2868 598 2950 intelligo.
636 2868 696 2928 Sed
715 2871 810 2952 ‘longe
831 2893 878 2931 res
902 2873 988 2933 aliter
1014 2883 1195 2953 comparata
1210 2883 1284 2944 est‚'
1298 2875 1327 2931 si
1341 2893 1378 2931 ea

341 2991 401 3029 uno
421 2966 546 3050 quodam
556 2967 732 3047 pluribusve
745 2970 938 3050 scriptoribus
959 2972 1023 3032 loca
1034 2972 1138 3052 'eligas
1157 2981 1206 3030 tuo
1224 2970 1374 3042 arbitrio,-

344 3071 390 3128 sic
415 3068 495 3126 enim
523 3063 716 3140 difficiliora,
740 3087 814 3147 quae
835 3088 895 3127 non
917 3071 981 3128 uisi
1008 3090 1046 3134 ea
1067 3070 1176 3128 intima
1197 3066 1375 3127 eruditionis

345 3170 430 3248 eopia
449 3175 502 3226 aut
519 3163 667 3226 illustrari
687 3177 827 3247 possemt,
854 3178 906 3226 out
933 3168 1096 3239 emendari,
1120 3171 1228 3227 tacitus
1243 3179 1379 3249 proeter-

345 3263 457 3324 mittere
466 3288 481 3336 ,·
490 3261 641 3344 faciliora
658 3274 775 3336 ¹contro,
789 3285 894 3345 eaque,
916 3285 1039 3345 quorum
1052 3265 1100 3323 oel
1116 3264 1264 3324 meliorem
1283 3266 1378 3323 inter-

343 3367 555 3446 pretationem,
579 3364 625 3423 oel
641 3367 836 3446 conjecturam
852 3367 948 3445 megia
958 3362 1143 3444 probabilem
1157 3364 1241 3443 forte
1248 3364 1378 3443 fortuna

345 3466 510 3533 inueneris,
532 3481 568 3520 eu
589 3463 739 3522 industria
756 3475 880 3523 tractare
894 3473 999 3543 potes,·
1019 3483 1195 3543 quamquam
1211 3484 1271 3522 non
1287 3461 1380 3521 dissi-

346 3565 425 3624 mulo
447 3583 542 3622 nuum
566 3567 713 3644 inceptum
732 3565 786 3625 boc
803 3576 898 3624 tamen
915 3564 1052 3622 babuisse
1076 3563 1279 3640 difficultatis,
1302 3561 1380 3643 quod

345 3676 514 3724 accuratam
532 3685 732 3735 numerorum,
755 3663 862 3744 quibus
881 3663 1012 3722 Plautus
1032 3673 1059 3720 et
1074 3662 1223 3721 Terentius
1243 3664 1292 3721 usi
1301 3671 1378 3732 sunt,

346 3764 422 3822 milii
442 3783 609 3844 comparare
627 3762 762 3821 debebam
780 3763 932 3832 notitiam,
964 3782 1023 3840 qua
1040 3760 1193 3818 destitutus
1204 3762 1378 3840 quicumque

345 3862 392 3920 bis
405 3861 502 3940 poc'tis
525 3860 713 3920 emendandis
742 3859 811 3918 dare
833 3880 862 3918 se
878 3859 968 3929 uelit,
991 3880 1046 3917 nae
1065 3858 1116 3917 ille
1131 3879 1192 3916 rena
1210 3878 1297 3938 opera
1314 3861 1378 3916 sine

339 3961 449 4040 pennis
469 3959 566 4017 colare
586 3981 616 4017 se
631 3961 765 4039 postulet.
806 3959 846 4017 Id
873 3960 969 4039 igitur
992 3978 1110 4038 operam
1131 3955 1199 4016 dedi
1211 4003 1218 4028 ,
1240 3967 1288 4028 ut,
1306 3978 1381 4037 quae

345 4061 499 4119 Bentleius
515 4061 549 4117 in
573 4059 705 4119 Terentio
720 4081 791 4130 suo,
817 4071 846 4118 et
865 4059 1052 4138 llermonnus
1080 4059 1114 4114 iu
1134 4055 1296 4114 Elemeutis
1315 4065 1378 4114 tro-

346 4159 485 4217 dideruut
505 4160 551 4216 rei
575 4161 711 4218 metricae
733 4167 907 4239 praecepto,
932 4178 967 4215 eo
991 4159 1110 4238 cognito
1128 4155 1275 4226 haberem,
1298 4163 1326 4212 et
1345 4174 1380 4211 er

347 4258 486 4337 diligenti
515 4258 691 4316 comicorum
722 4259 844 4317 lectione
875 4255 1084 4334 confirmarem.
1121 4253 1160 4312 In
1187 4251 1380 4334 dijudicanda
