3182 5014
821 613 860 672 57

324 816 450 892 poetam
470 800 656 866 mediocrem
681 813 711 864 et
733 798 844 865 Plauto
878 802 1052 867 inferiorem
1080 799 1224 866 habuerit
1254 820 1359 870 aucto-

323 929 389 972 rem
405 927 528 973 necesse
549 919 602 972 est.
619 903 782 995 Duplicem
797 904 873 970 olim
893 905 993 970 luisse
1011 903 1159 985 fabulam,
1177 923 1250 973 sunt
1264 911 1358 976 etiam

324 1011 387 1076 alia
407 1035 487 1103 quae
518 1025 669 1098 arguant3
698 1011 831 1076 maxime
852 1007 1057 1096 dittologiac,
1083 1033 1162 1102 quae
1181 1015 1298 1104 passim
1324 1017 1358 1080 in

323 1117 384 1182 hac
405 1115 513 1183 fabula
531 1128 707 1182 occurrunt.
744 1114 795 1180 Sic
812 1115 917 1182 omnia
934 1137 988 1194 ea,
1015 1137 1093 1205 quae
1119 1115 1265 1202 leguntur
1285 1134 1359 1210 past

323 1235 411 1286 actus
435 1221 537 1312 quinti
567 1243 690 1287 scenam
719 1233 837 1285 sextam
870 1220 902 1284 in
932 1219 1041 1285 eadem
1075 1219 1170 1310 plane
1195 1239 1359 1290 versantur

323 1338 506 1408 argumento
533 1339 628 1417 atque
648 1348 701 1405 ea,
724 1349 803 1416 quae
823 1347 915 1392 scena
936 1327 1045 1418 quinta
1075 1327 1294 1409 continentur,
1316 1328 1359 1395 ab

322 1452 452 1520 eamque
473 1453 599 1496 causam
630 1428 706 1495 olim
729 1445 872 1519 suspecta
898 1428 1114 1510 habebantur;
1145 1454 1230 1497 nunc
1262 1455 1358 1514 vero,

322 1557 394 1600 cum
412 1551 443 1602 et
469 1537 502 1600 in
522 1537 738 1628 antiquissimo
763 1535 874 1622 Angeli
898 1537 970 1622 ttaji
991 1536 1104 1603 Codice
1127 1535 1289 1622 legantur,
1326 1554 1358 1605 et

321 1663 522 1707 numerorum
546 1643 626 1707 ratio
651 1665 689 1708 ex
716 1642 826 1708 eadem
861 1642 969 1708 codice
1000 1641 1158 1734 patefacta
1197 1643 1255 1722 sit,
1292 1666 1357 1708 non

321 1761 367 1811 est
389 1768 498 1826 causa,
516 1769 572 1812 cur
588 1745 664 1812 haec
686 1749 792 1838 potius
812 1770 907 1838 quam
930 1745 986 1812 illa
1004 1743 1116 1811 Plauto
1130 1745 1357 1834 abjudicentur.

319 1849 371 1913 Sic
389 1848 485 1915 Actus
496 1849 519 1914 1.
542 1852 659 1916 Scenae
677 1853 707 1915 ΙΙ
728 1874 777 1918 vs.
802 1854 839 1931 8,
861 1854 893 1918 in
915 1866 991 1917 vett.
1016 1850 1090 1917 edd.
1112 1847 1241 1936 legitur:

361 1957 447 2022 Nam
468 1976 528 2021 nas
549 1979 650 2042 usqae
672 1958 711 2022 ab
734 1978 874 2035 aurora,
900 1961 942 2023 ad
962 1960 1020 2023 bac
1041 1960 1124 2042 quad
1145 1960 1210 2022 diei
1231 1968 1300 2038 est,

358 2072 527 2146 postquam
549 2061 685 2129 Aurora
698 2063 807 2129 libauit
827 2083 1003 2149 numquam
1026 2066 1238 2141 cessavimus,

362 2185 404 2229 en
424 2169 583 2232 industria
605 2167 718 2231 ambae
739 2185 917 2251 numquam
939 2169 1191 2231 concesserimus
1197 2193 1209 2241 ,·

319 2272 433 2338 etAct.
453 2273 491 2341 V.
514 2273 562 2337 Sc.
580 2275 669 2338 11vs.
692 2276 733 2338 75
751 2295 796 2363 sq.
821 2271 906 2360 apud
923 2249 1047 2335 omnes:
1089 2267 1092 2272 ’

406 2381 577 2444 Maledicta
593 2381 667 2444 bine
688 2382 804 2463 aufer:
829 2381 973 2461 linquam
996 2377 1174 2459 campesra‘s
1193 2378 1281 2463 sara,

404 2486 594 2550 Maledicere
616 2485 689 2548 buia
711 2493 745 2548 tu
769 2483 974 2566 temperabis,
997 2485 1028 2546 si
1048 2485 1146 2565 sapis.

316 2590 391 2656 item
409 2612 454 2654 vs.
479 2590 538 2652 83:
955 2588 1143 2652 Antidamae
1163 2587 1268 2672 filium

360 2697 501 2781 quaerb,·
527 2703 760 2771 commonstra,
781 2693 811 2758 si
832 2695 949 2758 novisti
973 2694 1213 2778 Acardstaclem.

358 2803 499 2885 Ecquem
521 2801 749 2865 adolescentem
772 2808 806 2863 ta
823 2799 875 2864 bia
897 2802 1013 2863 nevisti
1033 2799 1289 2884 baardstoclem?

315 2918 372 2970 etc.
394 2902 574 2996 Sedplura
596 2926 666 2968 cum
688 2905 720 2968 in
746 2902 806 2968 hac
833 2899 942 2967 fabulis
963 2901 1087 2968 turbata
1118 2905 1199 2984 sint,
1229 2918 1260 2968 et
1294 2903 1354 2967 dif-

314 3008 427 3075 ficilior
453 3008 531 3074 haec
552 3010 593 3075 sit
613 3010 772 3100 quaestio,
803 3011 898 3100 quam
917 3017 953 3073 ut
980 3031 998 3073 a
1027 3030 1076 3072 me
1099 3013 1166 3094 jam
1196 3031 1282 3073 nunc
1312 3009 1353 3073 ad

313 3115 470 3207 liquidum
485 3115 691 3206 perducatur,
714 3113 792 3180 haec
813 3114 915 3181 uerbo
939 3113 1095 3179 monuisse
1117 3109 1256 3178 sufficiat.

714 3401 915 3412 ——t——dn

313 3589 394 3656 Prol.
418 3615 464 3658 vs.
488 3595 563 3656 120:
595 3596 630 3659 ts
652 3595 704 3658 illi
724 3593 831 3658 Poena
854 3594 989 3677 lrajdsce
1009 3595 1096 3677 patri
1120 3594 1231 3676 lraspes
1251 3594 1326 3679 suit.

312 3696 405 3780 Quod
417 3720 512 3788 supra
529 3721 559 3787 p.
580 3701 620 3761 43
640 3696 723 3774 dixi,
741 3706 832 3781 pater
852 3695 884 3759 in
910 3692 1033 3761 casibus
1052 3692 1187 3785 obliquis
1213 3697 1350 3785 priorem

311 3825 432 3893 semper
448 3801 663 3892 corripere,id
674 3799 726 3864 hic
747 3798 834 3864 locus
846 3799 972 3864 videtur
994 3799 1136 3866 refutare.
1182 3798 1243 3864 Sed
1263 3798 1350 3866 salva

310 3931 357 3974 res
383 3925 442 3984 est,
472 3925 504 3975 et
525 3923 570 3976 est
606 3907 728 3997 potins,
760 3905 846 3996 quod
869 3906 988 3972 mireris
1015 3908 1221 3995 interpretum
1248 3924 1351 3987 socor-

311 4013 413 4094 diam,
437 4016 490 4106 qui
509 4038 573 4080 non
596 4013 734 4081 viderint
756 4035 879 4080 sensum
909 4013 1012 4103 ipsum
1032 4013 1189 4098 flagitare,
1221 4024 1256 4075 ut
1277 4009 1351 4075 scri-

311 4117 417 4184 batur:
