3182 5014
798 637 841 698 86

304 825 409 893 »liter
436 825 531 892 stulto
565 849 621 893 suo
653 825 753 894 labori
780 825 948 893 insudat?''
989 827 1085 920 Atqui
1107 827 1216 894 iisdem
1239 824 1337 918 plane

305 931 492 1016 argumentis
533 931 632 996 utitur
652 951 653 960 ¹
672 931 739 1021 ipse
784 931 946 1012 Chremes,
987 946 1024 997 ut
1066 932 1210 998 ostendat
1251 931 1336 997 hane

305 1034 526 1123 objectionem,
560 1057 654 1128 quam
690 1032 749 1099 sibi
780 1034 929 1114 finxerat,
972 1057 1086 1100 vanarn
1122 1058 1186 1102 esse
1224 1050 1256 1102 et
1284 1037 1335 1101 ni·

304 1141 382 1224 hili,
412 1166 512 1236 neque
534 1166 569 1208 ea
590 1165 622 1208 se
648 1141 811 1207 defendere
831 1163 921 1231 posse
936 1140 1156 1207 Menedemum.
1192 1141 1335 1208 Chremes

304 1249 387 1340 enim
421 1249 588 1315 Menedemi
625 1246 658 1313 in
691 1243 800 1312 labore
832 1245 1049 1312 adsiduitatem
1082 1245 1228 1324 miratus,
1261 1245 1336 1335 quia

303 1352 424 1420 nullam
449 1359 515 1443 ejus
541 1351 714 1446 reperiebat
739 1375 863 1418 causam
883 1350 1099 1442 prohabilem,
1128 1353 1195 1443 ipse
1216 1350 1336 1436 excogi-

304 1460 385 1523 tavit
407 1481 530 1525 causam
553 1461 656 1525 minus
678 1457 889 1550 probabilem,
922 1474 977 1539 ut,
999 1482 1035 1524 ea
1058 1459 1209 1538 refutata,
1231 1457 1337 1523 omnia

305 1563 417 1650 effugia
448 1565 624 1631 Menedemo
650 1580 750 1630 essent
778 1563 946 1630 obstructa.
991 1564 1085 1633 Vides
1107 1561 1238 1652 Bentleji
1260 1585 1336 1630 oon·

301 1670 469 1753 jacturam,
492 1670 577 1761 quod
599 1670 724 1760 quidem
748 1669 927 1735 adsensum
948 1669 1087 1748 adtinet,
1111 1690 1175 1733 non
1197 1689 1262 1733 esse
1280 1687 1336 1731 ne·

304 1771 475 1836 cessariam.
505 1773 553 1837 lta
579 1775 660 1838 enim
697 1772 912 1839 concluditur:
950 1776 1110 1857 Voluptati
1139 1771 1216 1838 haec
1252 1784 1335 1836 certe

303 1897 368 1940 non
397 1891 470 1941 sunt
495 1875 572 1958 tibi;
600 1883 768 1946 utilitatem
793 1877 889 1962 igitur
918 1877 1100 1967 praetendes
1130 1879 1278 1956 fortasse;
1303 1889 1335 1940 at

303 2001 343 2044 ne
362 1984 486 2046 utititas
506 1981 631 2071 quidem
654 1985 686 2047 in
705 2005 739 2048 ea
761 2005 794 2048 re
817 1980 883 2048 ulla
908 1996 972 2062 est;
1004 1980 1094 2047 nnllo
1128 1981 1223 2046 modo
1240 1980 1335 2066 igitur

304 2097 390 2146 tuam
415 2083 527 2168 agendi
549 2088 700 2152 rationem
722 2101 810 2177 potes
831 2086 1003 2152 defendere.
1048 2087 1130 2151 Haec
1152 2083 1333 2163 conclusio,

304 2209 383 2277 qnae
410 2187 443 2251 in
468 2185 596 2272 vulgata
623 2187 756 2254 lectione
782 2187 956 2254 luculenter
980 2204 1131 2278 apparet,
1155 2191 1255 2280 perit,
1280 2189 1335 2254 ad·

302 2291 394 2356 missa
414 2290 545 2379 Bentleii
566 2290 617 2358 vel
646 2295 751 2384 potius
775 2295 883 2359 Mureti
909 2297 1095 2380 conjectura.
1140 2295 1225 2377 Quin
1248 2295 1275 2362 si
1295 2317 1336 2360 ex·
1370 2281 1373 2286 ⁵

303 2397 413 2462 Mureti
443 2399 594 2463 sententia
623 2394 749 2483 legeris:
771 2401 812 2466 At
825 2403 909 2465 enim
926 2421 977 2466 ane
989 2409 1144 2484 quomam
1163 2401 1213 2466 hie
1229 2403 1339 2484 operis

301 2502 360 2587 {iot
378 2507 536 2586 poenitet,
563 2505 613 2568 vis
639 2502 864 2593 particularum
886 2514 919 2569 ot
934 2507 1020 2570 enim
1048 2501 1142 2594 plane
1161 2504 1336 2593 eorrumpi-

303 2619 372 2686 ιω,
405 2621 435 2672 et
465 2631 571 2674 sensus
601 2609 667 2697 ipse
687 2607 923 2698 pessumdatum
950 2629 1023 2671 nam
1048 2608 1189 2697 profecto
1207 2605 1269 2672 hoe
1287 2621 1334 2672 est

303 2710 397 2775 nimis
422 2733 531 2776 curare
557 2709 677 2792 aliena,
704 2727 735 2777 et
760 2713 979 2802 importunitas
995 2713 1100 2777 verius
1116 2733 1210 2801 quam
1235 2711 1334 2775 amica

303 2815 455 2894 monitio,
487 2816 513 2880 si
545 2815 687 2880 Chremes
728 2837 760 2880 se
799 2837 862 2879 non
891 2828 1070 2879 contentum
1089 2838 1152 2880 esse
1173 2814 1258 2880 dicat
1279 2837 1334 2891 eo,

303 2933 455 3010 quantum
486 2919 587 3009 operis
608 2917 662 2982 fiat
690 2916 721 2983 in
750 2939 825 3002 agro
847 2916 1024 2982 Menedemi.
1068 2917 1131 2983 Nos
1157 2918 1252 3002 igitur
1270 2916 1333 2983 cir-

303 3028 493 3116 cumspicere
518 3024 663 3120 dotamus
691 3023 844 3110 ejusmodi
866 3021 1047 3101 lectionem,
1071 3045 1133 3113 qua
1149 3037 1180 3088 et
1194 3036 1334 3088 servetur

303 3153 338 3196 ea
369 3133 540 3210 sententia,
572 3153 665 3221 qnam
695 3127 798 3193 habet·
812 3126 959 3212 vulgata,
982 3140 1013 3191 et
1029 3129 1242 3194 versusintra
1258 3126 1334 3214 legi-

303 3235 395 3300 timos
421 3237 568 3301 terminos
588 3248 784 3313 coerceatur,
815 3253 915 3322 neque
936 3228 1067 3296 obscura
1086 3232 1179 3297 etiam
1202 3233 1243 3297 sit
1262 3254 1332 3298 cor·

304 3344 457 3430 ruptionis
476 3367 577 3410 causa.
620 3344 699 3408 Ecce
726 3341 784 3407 tibi
805 3343 871 3432 ipsa
900 3339 1035 3405 Terentii
1053 3359 1178 3404 manus:

346 3448 387 3514 At
406 3451 493 3514 ortior
513 3460 544 3515 te
564 3459 719 3534 quantum
736 3452 786 3514 hic
808 3451 912 3532 operis
930 3446 989 3531 fiat
1006 3448 1152 3529 poenitet.

302 3556 389 3619 Hanc
409 3552 573 3620 lectionem
605 3553 794 3644 explicantes
818 3552 937 3619 librarii
959 3552 1165 3640 scripserunt:
1186 3549 1228 3616 At
1247 3553 1333 3617 enim

302 3665 387 3726 dices
407 3681 458 3726 me
477 3672 550 3738 etc,
572 3681 672 3749 neque
694 3674 839 3749 poterant
857 3656 975 3724 melius.
1020 3654 1061 3720 At
1079 3656 1165 3718 onim
1184 3653 1210 3717 is
1234 3653 1331 3731 dicit,

303 3765 357 3856 qui
391 3763 595 3852 objectionem
625 3765 793 3830 adversarii
819 3763 867 3829 vel
894 3764 956 3829 suis
978 3756 1029 3826 vel
1049 3757 1146 3846 ipsius
1162 3757 1331 3824 adversarii

302 3866 408 3934 verbis
441 3867 537 3934 affert.
582 3870 756 3934 Sexcenties
778 3870 822 3933 ita
839 3869 945 3933 Cicero
965 3867 997 3931 in
1016 3861 1217 3929 orationibus.
1238 3863 1277 3928 cs.
1297 3864 1330 3928 in

301 3973 427 4040 Verrem
443 3974 458 4037 Ι
477 3978 494 4060 §
520 3978 576 4039 15:
595 3973 635 4039 At
660 3979 746 4041 enirn
764 3976 840 4040 hoec
871 3977 916 4040 tta
934 3973 1101 4038 commisso
1118 3979 1194 4035 suot
1215 3969 1332 4035 chisto

303 4079 322 4143 i.
346 4102 370 4145 e.
388 4092 422 4146 ut
441 4084 621 4148 animalitas
640 4081 716 4145 leoco
736 4083 781 4146 ito
799 4090 853 4146 etc.
876 4077 945 4156 Vid.
967 4077 1059 4142 etiam
1070 4094 1127 4164 pro
1147 4073 1180 4137 P.
1200 4072 1330 4153 Quintio

302 4189 320 4271 §
340 4189 406 4266 65,
430 4210 488 4276 pro
506 4186 618 4251 Roscio
633 4183 786 4251 Comoedo
803 4188 821 4269 ς
841 4186 890 4250 32
910 4182 1013 4248 Divin.
1030 4178 1070 4244 ad
1093 4177 1130 4258 Q.
1153 4176 1239 4243 Caec.
1258 4179 1329 4264 §22
