3182 5014
231 1765 254 1832 1.
280 1771 295 1830 1
322 1788 366 1834 vs.
386 1767 449 1832 25:

363 1875 508 1940 Libdrt'us
528 1875 654 1940 vivendi
673 1875 739 1962 fuit
752 1877 893 1955 potestus
911 1867 1000 1957 (nam
1017 1879 1131 1950 antea,

367 1979 430 2060 Qut·
447 1979 676 2062 sinoponus,
696 1982 753 2043 mit
769 1978 933 2061 inueniunt
959 1975 1112 2060 nascere).

233 2081 390 2169 Bentlejus
413 2101 520 2146 versus
540 2101 633 2147 causa
657 2079 796 2171 scripsit:
819 2081 919 2146 libera
944 2081 1071 2144 vivendi
1082 2082 1147 2165 [uit
1163 2089 1267 2164 potet·

235 2201 303 2268 tas,
332 2210 427 2278 quam
459 2187 670 2271 conjecturam
690 2207 811 2251 summo
829 2186 901 2271 jure
921 2183 1067 2273 repudiat
1091 2182 1267 2248 Reinhnrd-

234 2291 305 2356 tius.
348 2290 384 2354 ln
404 2287 553 2355 adverbio
581 2292 710 2356 liberius
730 2311 794 2354 non
820 2303 866 2354 est
884 2287 1022 2372 urgenda
1043 2287 1092 2354 vis
1106 2311 1269 2379 compara-

234 2396 309 2476 tivi3
331 2393 426 2460 habet
446 2395 529 2460 enim
550 2391 581 2458 h.
603 2391 641 2474 l.,
660 2407 696 2458 ut
713 2415 823 2484 saepe,
842 2414 910 2457 eam
929 2393 1014 2472 vim,
1044 2417 1139 2484 quam
1155 2393 1267 2460 reddas

233 2499 307 2566 licet
326 2525 383 2592 per
400 2503 498 2585 paulo
517 2501 660 2579 liberius,
677 2497 730 2566 vel
748 2503 911 2584 aliquanto
925 2500 1071 2579 liberius,
1085 2500 1170 2590 quod
1184 2499 1268 2564 idem

229 2609 297 2694 jam
325 2604 447 2671 monuit
473 2605 629 2684 Donatus,
658 2605 812 2672 immerito
837 2627 855 2668 a
877 2602 1019 2690 Bentlejo
1052 2602 1267 2694 reprehensus.

232 2712 347 2778 Contra
370 2708 456 2801 quod
475 2706 528 2772 hic
550 2707 668 2776 voluit:
687 2714 786 2779 libera
805 2715 933 2780 vivendi
945 2720 1102 2796 potestas,
1118 2708 1152 2772 id
1167 2705 1269 2773 multo

234 2816 333 2900 magis
354 2815 496 2904 ineptum
513 2827 566 2879 est.
611 2815 706 2881 Recte
727 2813 839 2881 Reinh.
858 2837 875 2879 n
890 2811 989 2879 libera
1011 2812 1141 2880 vivendi
1162 2827 1272 2904 potes·

234 2944 251 2984 n
268 2909 330 2984 tute
348 2939 449 2984 memo
469 2930 570 2998 earet,
587 2917 649 2983 nisi
665 2917 720 3010 qui
739 2917 851 3009 capitis
872 2917 1037 2982 damnatus
1056 2931 1129 3015 est.»
1155 2919 1197 2980 At
1218 2917 1269 2982 vir

234 3047 367 3109 magnus
382 3021 489 3088 attulit
506 3019 611 3088 locum
630 3047 668 3090 ex
689 3024 844 3091 Ciceronis
856 3023 997 3089 oratione
1011 3023 1186 3112 Antequam
1210 3022 1270 3086 iret

236 3125 270 3190 in
293 3124 455 3192 exsilium:
480 3130 579 3194 libera
596 3131 683 3217 fucta
708 3140 757 3196 est
776 3133 856 3196 mihi
871 3138 1011 3214 potestas
1032 3131 1197 3213 loquendi,
1214 3127 1269 3217 qui

236 3229 324 3295 locus
347 3243 450 3294 tamen
476 3232 509 3294 in
527 3253 596 3296 meu
619 3232 756 3298 editione
773 3255 838 3297 non
858 3230 989 3316 legitur3
1011 3231 1065 3296 sed
1087 3230 1202 3317 legitur
1223 3229 1270 3297 ibi

236 3337 254 3420 §
273 3336 331 3399 25:
347 3333 438 3398 »Sed
462 3337 612 3425 quoniam
630 3359 731 3430 neque
752 3337 831 3404 mihi
849 3335 947 3403 libere
965 3336 1139 3430 loquendi,
1167 3361 1270 3431 neque

236 3461 254 3504 t>
266 3435 358 3504 uobis
376 3434 542 3504 clementer
566 3439 715 3506 audiendi
734 3479 822 3492 —--
841 3441 924 3506 sacta
941 3455 987 3506 est
1007 3445 1175 3534 potestas.'’
1203 3458 1235 3509 et
1251 3447 1268 3531 §

239 3546 299 3623 17,
317 3566 334 3606 tt
347 3538 497 3634 loquendi
519 3541 616 3611 libere
640 3568 704 3611 non
721 3537 833 3612 'habeo
857 3550 1072 3637 potestatem.'’
1100 3549 1186 3630 Quid
1211 3549 1269 3634 igi·

236 3653 311 3714 tur?
339 3647 654 3716 Pronuntiabimusue
683 3648 981 3736 cuvaeinhurdtio
1008 3649 1050 3741 (p.
1073 3653 1150 3737 212)
1173 3653 1286 3718 libriu'

236 3757 383 3821 vivendi?
402 3751 492 3818 Absit
513 3770 550 3820 ut
571 3756 723 3843 ejusmodi
744 3754 904 3822 licentiam
917 3754 1008 3821 nullo
1025 3755 1169 3848 exemplo
1185 3779 1270 3821 com-

236 3856 401 3950 probatam
419 3859 562 3925 Tereutio
584 3858 775 3947 affingamus.
820 3863 915 3927 Recte
927 3856 1101 3947 Bentlejus:
1127 3858 1269 3925 »Omnes

193 4031 197 4039 ,
237 3990 255 4032 t>
270 3962 491 4045 immodulute,
515 3980 546 4031 et
568 3967 623 4058 qui
643 3971 750 4034 utendi
776 3963 988 4056 dissyllabum
1013 3979 1045 4032 et
1067 3964 1123 4056 qui
1141 3965 1270 4030 Pototat

239 4096 255 4135 n
268 4071 403 4137 secunda
426 4071 535 4154 brevi3
561 4087 591 4138 et
621 4073 677 4165 qui
697 4075 827 4154 Libriu,
851 4086 887 4136 ut
906 4070 1049 4162 dactylus
1065 4072 1123 4153 sit3
1143 4064 1213 4148 vel,
1234 4080 1270 4131 ut

241 4201 256 4240 t>
273 4178 419 4267 quidam,
442 4182 604 4269 Liberytt'‚
629 4203 692 4272 quo
709 4195 803 4272 pacto
819 4181 951 4247 creticus
971 4179 1022 4244 fiet
1035 4175 1106 4242 loco
1121 4197 1270 4266 anapaes-
