3182 5014
567 1202 945 1305 sulcans,

626 1479 889 1511 ...φορ-...-

263 1650 327 1714 1.1
353 1669 399 1714 vs.
423 1651 464 1714 31
490 1671 557 1740 sqq.

375 1757 457 1822 Cum
479 1757 547 1841 ipsi
560 1757 682 1822 iotdroc
696 1756 824 1835 cicant,
839 1759 987 1835 odirent,

373 1864 430 1928 ubi
443 1865 529 1941 sint,
555 1865 634 1948 quid
653 1873 767 1946 occat,
791 1865 902 1947 ecquid
921 1863 1034 1946 cudat,

371 1974 473 2053 oeque
486 1968 682 2052 participaret
700 1967 759 2031 cos
778 1986 881 2052 coque
897 1969 1042 2032 redeunt.

240 2072 317 2156 quid
336 2079 452 2155 ouant,
486 2072 595 2155 ecquid
613 2079 736 2156 aaron
752 2067 867 2133 horum
885 2066 1054 2133 verborum
1072 2081 1272 2160 praepostera

241 2174 321 2239 ratio
348 2189 414 2255 est3
446 2175 583 2265 primum
611 2175 694 2239 enim
723 2170 899 2263 specialiter
918 2187 1045 2259 rogatur
1063 2176 1140 2260 quid
1160 2185 1272 2260 aeaut,

239 2276 355 2342 deinde
379 2279 524 2343 universe
554 2282 665 2364 ecquid
686 2281 815 2346 omnino
832 2289 936 2364 accat.
980 2279 1120 2344 Fortasse
1133 2277 1275 2348 ¹scriben-

242 2381 317 2446 dum
343 2395 405 2446 cst:
427 2382 484 2448 ura·
497 2385 585 2460 siut,
605 2387 682 2468 quid
704 2395 826 2470 ouant,
847 2389 957 2471 ecquid
982 2395 1171 2453 attrectans.
1191 2385 1273 2453 Vide

239 2485 324 2552 enim
343 2507 436 2576 quam
452 2485 589 2551 suaviter
606 2485 750 2555 mulieres
775 2489 916 2555 virorum
938 2490 1167 2556 amantissimae
1189 2511 1273 2556 men·

240 2591 359 2656 tionem
388 2591 534 2679 injiciant
564 2572 698 2672 amoris3
730 2615 804 2656 nam
832 2589 911 2657 solet
931 2590 1007 2657 haec
1027 2593 1107 2658 inter
1125 2606 1272 2672 amantes,

241 2696 381 2762 locorum
399 2697 501 2787 spatio
515 2711 682 2784 separatos,
703 2684 875 2788 praecipua
895 2721 960 2763 esse
976 2719 1068 2762 causa
1086 2693 1273 2766 sollicitudi=

240 2805 305 2883 nis,
327 2826 367 2869 ne
382 2801 516 2868 aliorum
530 2824 634 2867 amore
649 2803 786 2870 irretitus
804 2802 882 2868 alter
904 2801 1032 2869 alterius
1058 2799 1271 2868 obliviscatur.

240 2908 279 2974 cf.
302 2904 416 2996 Amph.
437 2905 500 2970 1.3
528 2926 574 2969 vs.
599 2907 660 2972 44:
1269 2973 1271 2978 ,

239 3014 304 3078 Jun
334 3012 497 3098 Numquid
518 3014 591 3077 oia?
618 3010 731 3077 Ancon.
759 3015 801 3080 Ut
824 3032 920 3098 quom
953 3011 1056 3077 obsim
1084 3032 1135 3077 mo
1164 3005 1297 3093 cores,'

780 3126 835 3183 md
855 3128 945 3185 tuom
965 3119 1127 3184 absentem
1149 3129 1269 3186 tameo.

240 3221 359 3288 Deinde
386 3223 412 3288 si
440 3221 485 3290 sic
510 3218 610 3306 legas,
636 3242 744 3287 versus
775 3244 901 3315 quoquc
925 3222 984 3289 erit
1010 3223 1188 3305 restitutus,
1217 3224 1273 3316 qui

240 3340 287 3393 cst
319 3323 497 3391 trochaicus
523 3324 653 3390 dimeter
692 3322 888 3394 acataleetus.
940 3325 1063 3414 Vulgo,
1094 3329 1272 3394 Hermanno

240 3444 382 3511 auctore,
405 3453 512 3497 versus
541 3428 697 3496 habentur
716 3434 896 3522 anapaesti3
926 3455 984 3519 ego
1004 3432 1094 3501 aliter
1114 3435 1270 3500 existimo.

239 3534 320 3605 Vide
349 3535 432 3600 enim
461 3535 541 3627 quid
580 3535 702 3601 intersit
733 3536 815 3604 inter
842 3535 1016 3606 trochaicos
1046 3537 1118 3606 illos
1144 3553 1175 3606 et
1198 3540 1271 3604 Her·

239 3638 348 3705 manni
370 3654 568 3730 anapaestos:

373 3749 455 3813 Gom
469 3750 533 3832 ipsi
546 3750 670 3815 ictoroo
692 3751 801 3816 vivom
815 3753 951 3833 coledut,

369 3854 425 3920 obi
441 3851 534 3933 rim,
559 3857 637 3939 quid
653 3856 766 3941 audet,
788 3858 901 3942 ecquid
919 3868 1031 3944 occat,
1054 3865 1159 3942 aequo

365 3960 559 4043 participant
573 3961 651 4039 adr,
672 3980 775 4046 oeque
797 3965 936 4028 redeunt.

238 4065 306 4148 Ipsi
339 4059 451 4128 melius
481 4062 629 4143 auditur3
659 4068 782 4133 intereo
813 4065 981 4131 secundam
1018 4085 1128 4130 acuere
1165 4076 1271 4146 amat3

239 4167 428 4258 (Priscianus
457 4167 497 4235 de
528 4167 707 4237 accentibus
736 4169 768 4236 in
787 4169 839 4236 fin.
864 4167 1073 4236 »Notandum
1094 4180 1162 4248 est,
1184 4168 1270 4258 quod
