3182 5014
626 1150 1054 1252 uslutltlt.

739 1403 943 1425 --ωυω-

369 1551 393 1614 1.
421 1553 435 1614 1
462 1571 505 1614 vs.
533 1552 581 1613 17.

418 1728 500 1808 Quid
513 1730 595 1793 istus
613 1737 678 1806 est,
696 1737 753 1792 aut
766 1728 822 1793 abi
838 1739 887 1794 est
906 1733 987 1797 istae
1005 1735 1164 1796 terrarum
1181 1732 1266 1795 loci?

371 1923 451 1988 Leve
479 1923 511 1988 in
548 1933 678 1986 accentu
712 1920 825 1985 vitium
857 1921 979 2006 corrigo
1012 1920 1262 2012 transponendo:
1299 1932 1357 1988 aut

327 2028 385 2093 ubi
399 2031 479 2094 istrie
495 2038 543 2094 est
560 2029 719 2092 terrarum
743 2027 823 2104 loei;
847 2025 891 2090 sic
917 2045 981 2088 nou
1002 2045 1081 2115 opus
1100 2040 1145 2091 est
1160 2048 1232 2090 eum
1243 2023 1355 2089 Bothio

265 2155 268 2164 ·
326 2132 437 2219 ejicere
469 2141 523 2200 est.
567 2127 676 2196 Simile
701 2131 815 2196 vitium
843 2125 936 2196 tollas
963 2129 1045 2196 inira
1070 2130 1108 2196 11.
1131 2134 1151 2195 2
1175 2153 1223 2198 vs.
1250 2133 1292 2195 50
1313 2128 1357 2196 le·

327 2238 447 2324 gendo:
469 2247 538 2306 esse
557 2239 618 2305 sibi
634 2241 670 2304 ia
689 2241 808 2304 munda
829 2240 962 2303 ntalem.

247 2489 249 2493 ,
371 2416 495 2482 l.2vs.
522 2419 686 2482 100111.

414 2525 557 2606 l‘eqrata
575 2530 668 2607 utque
691 2523 785 2588 irrita
805 2541 873 2586 esse
896 2519 1004 2584 emnia
1024 2519 1179 2602 intelliqm

414 2629 496 2710 qudo
516 2629 608 2702 dedi,
633 2637 664 2691 et
684 2627 767 2710 quad
782 2626 942 2712 benefeci:
959 2632 993 2688 at
1005 2623 1135 2707 posthae
1156 2620 1214 2685 tibi
1223 2668 1231 2698 ,

327 2731 412 2794 mule
429 2733 624 2814 quodpotero
638 2732 766 2816 scivere,
789 2731 923 2814 faeiem,
944 2725 1283 2811 meritoqueidfacicim
1294 2734 1356 2790 tao.

328 2833 364 2896 ln
395 2854 487 2897 versu
527 2831 629 2897 medio
667 2817 865 2897 durissimum
898 2829 1020 2896 hiatum
1047 2831 1079 2894 in
1108 2829 1188 2920 pede
1225 2830 1355 2894 cretico:

327 2939 358 3004 ei
387 2947 420 3003 at
441 2947 516 3022 post
537 2937 690 3026 patienter
715 2934 788 3001 tulit
808 2937 952 3002 Weisius.
996 2937 1075 3022 Ego,
1097 2937 1123 3001 si
1143 2957 1249 3002 versus
1277 2949 1355 3001 esset

327 3040 458 3106 creticus
488 3052 683 3118 tetrameter,
708 3060 772 3102 uon
802 3036 977 3105 dubitarem
1006 3053 1079 3129 post
1107 3051 1143 3108 ut
1159 3041 1355 3130 interponere

326 3166 499 3234 pronomen
520 3165 594 3230 eqo:
620 3145 709 3226 (laad
727 3144 868 3229 benefeci
874 3171 886 3221 ;
919 3147 954 3210 et
974 3165 1029 3230 eqo
1052 3148 1183 3231 posthae
1208 3147 1266 3214 tibi
1277 3173 1284 3227 ;
1297 3159 1355 3230 ‘est
1407 3133 1409 3135 ¹

326 3249 410 3314 enim
436 3247 517 3316 illud
541 3271 716 3342 pronomen
735 3248 884 3315 minantis
895 3250 1029 3314 orationi
1048 3252 1168 3337 egregie
1177 3273 1355 3316 accommo-

327 3353 454 3435 datum,
486 3358 574 3422 utin
603 3353 660 3421 illo
681 3351 875 3440 Virgiliano:
921 3356 1007 3436 Quos
1032 3376 1104 3440 eqo;
1126 3354 1164 3420 cl.
1180 3352 1293 3444 Amph.
1315 3354 1353 3421 ll.

329 3462 344 3521 l
370 3481 415 3524 vs.
440 3462 491 3525 36.

808 3564 849 3631 Ar
872 3574 903 3631 te
930 3585 983 3650 eqo
1003 3567 1120 3654 [aetum

502 3669 593 3734 tonte
615 3670 748 3752 proinde
778 3689 815 3735 ae
833 3671 965 3736 meritus
986 3690 1047 3751 es;

501 3782 539 3837 ut
554 3775 662 3838 rainae
675 3777 790 3840 valeas.

322 3880 386 3947 Sed
409 3875 492 3944 nihil
514 3893 561 3944 est
590 3877 797 3958 mutandum,
830 3901 930 3970 neque
958 3902 1065 3946 versus
1085 3879 1217 3945 creticus
1234 3893 1281 3944 est
1306 3892 1356 3945 te-

325 4001 488 4065 trameter,
510 3983 564 4050 sed
583 3980 771 4074 liquescente
790 3982 901 4050 ultima
919 3986 951 4049 iu
971 3987 1127 4071 benefeci,
1145 3984 1184 4049 ad
1196 3979 1277 4048 illud
1283 4005 1354 4074 per-

325 4092 404 4158 tinet
423 4115 539 4179 genus,
560 4090 598 4156 de
615 4113 677 4180 quo
697 4091 760 4176 egit
780 4094 972 4158 Hermanuus
988 4088 1083 4155 Elem.
1106 4111 1136 4178 p.
1158 4091 1220 4155 216
1233 4115 1299 4185 sqq.
1323 4107 1354 4157 et

324 4195 476 4264 Beckerus
500 4198 532 4263 iu
562 4191 793 4288 quaestionibus
822 4194 860 4259 de
878 4195 961 4261 Gom.
982 4195 1069 4262 Rom.
1087 4192 1149 4260 fab.
1167 4218 1198 4285 p.
1223 4199 1266 4260 20
1286 4221 1352 4289 sqq.
