<?xml version="1.0" encoding="UTF-8"?>
<!DOCTYPE html PUBLIC "-//W3C//DTD XHTML 1.0 Transitional//EN"
    "http://www.w3.org/TR/xhtml1/DTD/xhtml1-transitional.dtd">
<html xmlns="http://www.w3.org/1999/xhtml" xml:lang="en" lang="en">
 <head>
  <title>
</title>
<meta http-equiv="Content-Type" content="text/html;charset=utf-8" />
  <meta name='ocr-system' content='tesseract 3.04.00' />
  <meta name='ocr-capabilities' content='ocr_page ocr_carea ocr_par ocr_line ocrx_word'/>
</head>
<body>
  <div class='ocr_page' id='page_1' title='image "./specimencritico00lomagoog_0020.png"; bbox 0 0 3182 5014; ppageno 0'>
   <div class='ocr_carea' id='block_1_1' title="bbox 728 631 754 690">
    <p class='ocr_par' dir='ltr' id='par_1_1' title="bbox 728 631 754 690">
     <span class='ocr_line' id='line_1_1' title="bbox 728 631 754 690; baseline -0.077 0"><span class='ocrx_word' id='word_1_1' title='bbox 728 631 754 690; x_wconf 68' lang='lat' dir='ltr'>*lv</span> 
     </span>
    </p>
   </div>
   <div class='ocr_carea' id='block_1_2' title="bbox 219 819 1266 3652">
    <p class='ocr_par' dir='ltr' id='par_1_2' title="bbox 219 819 1260 3227">
     <span class='ocr_line' id='line_1_2' title="bbox 221 819 1258 914; baseline 0 -26"><span class='ocrx_word' id='word_1_2' title='bbox 221 823 397 890; x_wconf 88' lang='lat' dir='ltr'>octonarius</span> <span class='ocrx_word' id='word_1_3' title='bbox 431 822 566 914; x_wconf 83' lang='lat' dir='ltr'>plenus3</span> <span class='ocrx_word' id='word_1_4' title='bbox 595 825 786 914; x_wconf 88' lang='lat' dir='ltr'>praecedunt</span> <span class='ocrx_word' id='word_1_5' title='bbox 815 819 998 903; x_wconf 81' lang='lat' dir='ltr'>Bacchiaei3</span> <span class='ocrx_word' id='word_1_6' title='bbox 1026 837 1163 887; x_wconf 84' lang='lat' dir='ltr'>mutatur</span> <span class='ocrx_word' id='word_1_7' title='bbox 1183 845 1258 888; x_wconf 81' lang='lat' dir='ltr'>ver·-</span> 
     </span>
     <span class='ocr_line' id='line_1_3' title="bbox 221 925 1259 1018; baseline -0.003 -25"><span class='ocrx_word' id='word_1_8' title='bbox 221 951 311 997; x_wconf 85' lang='lat' dir='ltr'>suum</span> <span class='ocrx_word' id='word_1_9' title='bbox 344 950 456 1014; x_wconf 86' lang='lat' dir='ltr'>genus,</span> <span class='ocrx_word' id='word_1_10' title='bbox 490 941 610 992; x_wconf 88' lang='lat' dir='ltr'>mutato</span> <span class='ocrx_word' id='word_1_11' title='bbox 642 928 791 994; x_wconf 85' lang='lat' dir='ltr'>orationis</span> <span class='ocrx_word' id='word_1_12' title='bbox 815 925 927 994; x_wconf 82' lang='lat' dir='ltr'>colore.</span> <span class='ocrx_word' id='word_1_13' title='bbox 972 930 1040 992; x_wconf 84' lang='lat' dir='ltr'>lam</span> <span class='ocrx_word' id='word_1_14' title='bbox 1068 927 1145 1018; x_wconf 88' lang='lat' dir='ltr'>quid</span> <span class='ocrx_word' id='word_1_15' title='bbox 1173 941 1259 994; x_wconf 68' lang='lat' dir='ltr'>esser</span> 
     </span>
     <span class='ocr_line' id='line_1_4' title="bbox 219 1028 1250 1124; baseline 0.003 -27"><span class='ocrx_word' id='word_1_16' title='bbox 219 1033 370 1122; x_wconf 82' lang='lat' dir='ltr'>ineptius,</span> <span class='ocrx_word' id='word_1_17' title='bbox 392 1055 487 1124; x_wconf 87' lang='lat' dir='ltr'>quarn</span> <span class='ocrx_word' id='word_1_18' title='bbox 505 1033 553 1122; x_wconf 85' lang='lat' dir='ltr'>(ex</span> <span class='ocrx_word' id='word_1_19' title='bbox 571 1028 699 1117; x_wconf 83' lang='lat' dir='ltr'>vulgata</span> <span class='ocrx_word' id='word_1_20' title='bbox 724 1028 868 1118; x_wconf 87' lang='lat' dir='ltr'>lectione)</span> <span class='ocrx_word' id='word_1_21' title='bbox 913 1032 1054 1097; x_wconf 84' lang='lat' dir='ltr'>Mercurii</span> <span class='ocrx_word' id='word_1_22' title='bbox 1078 1035 1250 1100; x_wconf 85' lang='lat' dir='ltr'>orationem</span> 
     </span>
     <span class='ocr_line' id='line_1_5' title="bbox 219 1137 1250 1230; baseline 0.003 -27"><span class='ocrx_word' id='word_1_23' title='bbox 219 1161 284 1204; x_wconf 90' lang='lat' dir='ltr'>non</span> <span class='ocrx_word' id='word_1_24' title='bbox 306 1139 388 1203; x_wconf 85' lang='lat' dir='ltr'>intre</span> <span class='ocrx_word' id='word_1_25' title='bbox 408 1138 521 1202; x_wconf 89' lang='lat' dir='ltr'>cantici</span> <span class='ocrx_word' id='word_1_26' title='bbox 540 1137 688 1202; x_wconf 90' lang='lat' dir='ltr'>terminos</span> <span class='ocrx_word' id='word_1_27' title='bbox 708 1137 882 1218; x_wconf 88' lang='lat' dir='ltr'>continere,</span> <span class='ocrx_word' id='word_1_28' title='bbox 906 1138 959 1204; x_wconf 89' lang='lat' dir='ltr'>sed</span> <span class='ocrx_word' id='word_1_29' title='bbox 976 1162 1033 1230; x_wconf 92' lang='lat' dir='ltr'>per</span> <span class='ocrx_word' id='word_1_30' title='bbox 1049 1137 1135 1205; x_wconf 92' lang='lat' dir='ltr'>aliud</span> <span class='ocrx_word' id='word_1_31' title='bbox 1157 1143 1250 1206; x_wconf 87' lang='lat' dir='ltr'>etiarn</span> 
     </span>
     <span class='ocr_line' id='line_1_6' title="bbox 219 1241 1250 1338; baseline 0.005 -30"><span class='ocrx_word' id='word_1_32' title='bbox 219 1241 312 1328; x_wconf 83' lang='lat' dir='ltr'>longe</span> <span class='ocrx_word' id='word_1_33' title='bbox 329 1243 487 1309; x_wconf 90' lang='lat' dir='ltr'>diversum</span> <span class='ocrx_word' id='word_1_34' title='bbox 506 1262 705 1307; x_wconf 89' lang='lat' dir='ltr'>numerorum</span> <span class='ocrx_word' id='word_1_35' title='bbox 721 1262 816 1326; x_wconf 84' lang='lat' dir='ltr'>genus</span> <span class='ocrx_word' id='word_1_36' title='bbox 837 1243 1035 1325; x_wconf 83' lang='lat' dir='ltr'>continuare,</span> <span class='ocrx_word' id='word_1_37' title='bbox 1058 1247 1101 1311; x_wconf 91' lang='lat' dir='ltr'>ita</span> <span class='ocrx_word' id='word_1_38' title='bbox 1122 1261 1157 1311; x_wconf 93' lang='lat' dir='ltr'>nt</span> <span class='ocrx_word' id='word_1_39' title='bbox 1173 1271 1250 1338; x_wconf 86' lang='lat' dir='ltr'>par-</span> 
     </span>
     <span class='ocr_line' id='line_1_7' title="bbox 221 1347 1249 1439; baseline 0.003 -25"><span class='ocrx_word' id='word_1_40' title='bbox 221 1364 285 1415; x_wconf 88' lang='lat' dir='ltr'>tem</span> <span class='ocrx_word' id='word_1_41' title='bbox 305 1350 399 1414; x_wconf 90' lang='lat' dir='ltr'>etiam</span> <span class='ocrx_word' id='word_1_42' title='bbox 414 1348 543 1439; x_wconf 90' lang='lat' dir='ltr'>impleat</span> <span class='ocrx_word' id='word_1_43' title='bbox 563 1347 722 1413; x_wconf 84' lang='lat' dir='ltr'>octonarii.</span> <span class='ocrx_word' id='word_1_44' title='bbox 769 1347 918 1411; x_wconf 90' lang='lat' dir='ltr'>Dissentit</span> <span class='ocrx_word' id='word_1_45' title='bbox 938 1363 1040 1416; x_wconf 86' lang='lat' dir='ltr'>tamen</span> <span class='ocrx_word' id='word_1_46' title='bbox 1064 1353 1249 1417; x_wconf 88' lang='lat' dir='ltr'>Lindeman-</span> 
     </span>
     <span class='ocr_line' id='line_1_8' title="bbox 220 1452 1249 1546; baseline 0.004 -28"><span class='ocrx_word' id='word_1_47' title='bbox 220 1477 279 1520; x_wconf 90' lang='lat' dir='ltr'>nus</span> <span class='ocrx_word' id='word_1_48' title='bbox 291 1506 309 1535; x_wconf 62' lang='grc'>,,</span> <span class='ocrx_word' id='word_1_49' title='bbox 329 1457 417 1542; x_wconf 80' lang='lat' dir='ltr'>cujus</span> <span class='ocrx_word' id='word_1_50' title='bbox 437 1477 494 1540; x_wconf 86' lang='lat' dir='ltr'>ego</span> <span class='ocrx_word' id='word_1_51' title='bbox 523 1455 555 1519; x_wconf 92' lang='lat' dir='ltr'>in</span> <span class='ocrx_word' id='word_1_52' title='bbox 574 1453 633 1518; x_wconf 89' lang='lat' dir='ltr'>hac</span> <span class='ocrx_word' id='word_1_53' title='bbox 656 1475 689 1517; x_wconf 89' lang='lat' dir='ltr'>re</span> <span class='ocrx_word' id='word_1_54' title='bbox 704 1453 856 1517; x_wconf 88' lang='lat' dir='ltr'>rationem</span> <span class='ocrx_word' id='word_1_55' title='bbox 874 1452 1008 1544; x_wconf 91' lang='lat' dir='ltr'>probare</span> <span class='ocrx_word' id='word_1_56' title='bbox 1028 1478 1091 1521; x_wconf 93' lang='lat' dir='ltr'>non</span> <span class='ocrx_word' id='word_1_57' title='bbox 1113 1479 1249 1546; x_wconf 80' lang='lat' dir='ltr'>possunt.</span> 
     </span>
     <span class='ocr_line' id='line_1_9' title="bbox 220 1556 1258 1650; baseline 0.002 -26"><span class='ocrx_word' id='word_1_58' title='bbox 220 1559 296 1625; x_wconf 84' lang='lat' dir='ltr'>Cum</span> <span class='ocrx_word' id='word_1_59' title='bbox 322 1561 405 1625; x_wconf 90' lang='lat' dir='ltr'>enirn</span> <span class='ocrx_word' id='word_1_60' title='bbox 432 1558 485 1624; x_wconf 90' lang='lat' dir='ltr'>hic</span> <span class='ocrx_word' id='word_1_61' title='bbox 519 1583 625 1626; x_wconf 82' lang='lat' dir='ltr'>versus</span> <span class='ocrx_word' id='word_1_62' title='bbox 650 1556 770 1624; x_wconf 87' lang='lat' dir='ltr'>nullam</span> <span class='ocrx_word' id='word_1_63' title='bbox 794 1557 909 1624; x_wconf 83' lang='lat' dir='ltr'>habeat</span> <span class='ocrx_word' id='word_1_64' title='bbox 938 1560 1023 1650; x_wconf 93' lang='lat' dir='ltr'>quod</span> <span class='ocrx_word' id='word_1_65' title='bbox 1042 1561 1082 1624; x_wconf 85' lang='lat' dir='ltr'>ad</span> <span class='ocrx_word' id='word_1_66' title='bbox 1104 1584 1258 1626; x_wconf 83' lang='lat' dir='ltr'>numeros</span> 
     </span>
     <span class='ocr_line' id='line_1_10' title="bbox 221 1660 1249 1755; baseline 0.006 -29"><span class='ocrx_word' id='word_1_67' title='bbox 221 1660 454 1746; x_wconf 85' lang='lat' dir='ltr'>difficultatem,</span> <span class='ocrx_word' id='word_1_68' title='bbox 480 1665 731 1755; x_wconf 87' lang='lat' dir='ltr'>praecedentium</span> <span class='ocrx_word' id='word_1_69' title='bbox 762 1687 837 1730; x_wconf 88' lang='lat' dir='ltr'>vero</span> <span class='ocrx_word' id='word_1_70' title='bbox 868 1665 1042 1730; x_wconf 84' lang='lat' dir='ltr'>intricatior</span> <span class='ocrx_word' id='word_1_71' title='bbox 1078 1668 1118 1732; x_wconf 91' lang='lat' dir='ltr'>sit</span> <span class='ocrx_word' id='word_1_72' title='bbox 1149 1669 1249 1748; x_wconf 87' lang='lat' dir='ltr'>ratio,</span> 
     </span>
     <span class='ocr_line' id='line_1_11' title="bbox 221 1767 1249 1861; baseline 0.007 -29"><span class='ocrx_word' id='word_1_73' title='bbox 221 1767 451 1834; x_wconf 87' lang='lat' dir='ltr'>Lindemannus</span> <span class='ocrx_word' id='word_1_74' title='bbox 481 1767 539 1835; x_wconf 90' lang='lat' dir='ltr'>hos</span> <span class='ocrx_word' id='word_1_75' title='bbox 574 1771 699 1861; x_wconf 90' lang='lat' dir='ltr'>quidem</span> <span class='ocrx_word' id='word_1_76' title='bbox 737 1770 810 1836; x_wconf 83' lang='lat' dir='ltr'>satis</span> <span class='ocrx_word' id='word_1_77' title='bbox 848 1769 994 1834; x_wconf 82' lang='lat' dir='ltr'>audacter</span> <span class='ocrx_word' id='word_1_78' title='bbox 1027 1772 1162 1851; x_wconf 83' lang='lat' dir='ltr'>refinxit,</span> <span class='ocrx_word' id='word_1_79' title='bbox 1200 1797 1249 1839; x_wconf 92' lang='lat' dir='ltr'>se-</span> 
     </span>
     <span class='ocr_line' id='line_1_12' title="bbox 222 1873 1249 1967; baseline 0.004 -29"><span class='ocrx_word' id='word_1_80' title='bbox 222 1873 360 1940; x_wconf 89' lang='lat' dir='ltr'>cundum</span> <span class='ocrx_word' id='word_1_81' title='bbox 388 1896 530 1939; x_wconf 87' lang='lat' dir='ltr'>normam</span> <span class='ocrx_word' id='word_1_82' title='bbox 552 1876 720 1967; x_wconf 88' lang='lat' dir='ltr'>quamdam</span> <span class='ocrx_word' id='word_1_83' title='bbox 744 1874 783 1940; x_wconf 88' lang='lat' dir='ltr'>ab</span> <span class='ocrx_word' id='word_1_84' title='bbox 806 1877 875 1965; x_wconf 88' lang='lat' dir='ltr'>ipso</span> <span class='ocrx_word' id='word_1_85' title='bbox 898 1890 1011 1941; x_wconf 87' lang='lat' dir='ltr'>temere</span> <span class='ocrx_word' id='word_1_86' title='bbox 1031 1880 1249 1959; x_wconf 66' lang='lat' dir='ltr'>constitutam</span> 
     </span>
     <span class='ocr_line' id='line_1_13' title="bbox 221 1978 1248 2062; baseline 0.003 -17"><span class='ocrx_word' id='word_1_87' title='bbox 221 2004 294 2047; x_wconf 89' lang='lat' dir='ltr'>curn</span> <span class='ocrx_word' id='word_1_88' title='bbox 321 2001 396 2047; x_wconf 87' lang='lat' dir='ltr'>vero</span> <span class='ocrx_word' id='word_1_89' title='bbox 421 1978 495 2044; x_wconf 91' lang='lat' dir='ltr'>hnic</span> <span class='ocrx_word' id='word_1_90' title='bbox 519 1981 634 2045; x_wconf 90' lang='lat' dir='ltr'>rationi</span> <span class='ocrx_word' id='word_1_91' title='bbox 662 1981 877 2046; x_wconf 86' lang='lat' dir='ltr'>adversaretur</span> <span class='ocrx_word' id='word_1_92' title='bbox 906 2003 1011 2045; x_wconf 91' lang='lat' dir='ltr'>versus</span> <span class='ocrx_word' id='word_1_93' title='bbox 1033 1984 1248 2062; x_wconf 89' lang='lat' dir='ltr'>noster‚hunc</span> 
     </span>
     <span class='ocr_line' id='line_1_14' title="bbox 220 2068 1252 2178; baseline 0.002 -26"><span class='ocrx_word' id='word_1_94' title='bbox 220 2084 350 2178; x_wconf 90' lang='lat' dir='ltr'>plenum</span> <span class='ocrx_word' id='word_1_95' title='bbox 380 2086 577 2178; x_wconf 87' lang='lat' dir='ltr'>numerisque</span> <span class='ocrx_word' id='word_1_96' title='bbox 596 2086 658 2150; x_wconf 90' lang='lat' dir='ltr'>suis</span> <span class='ocrx_word' id='word_1_97' title='bbox 674 2083 851 2150; x_wconf 89' lang='lat' dir='ltr'>absolutum</span> <span class='ocrx_word' id='word_1_98' title='bbox 873 2068 1017 2150; x_wconf 89' lang='lat' dir='ltr'>mutilare</span> <span class='ocrx_word' id='word_1_99' title='bbox 1041 2109 1103 2152; x_wconf 90' lang='lat' dir='ltr'>non</span> <span class='ocrx_word' id='word_1_100' title='bbox 1128 2088 1252 2154; x_wconf 88' lang='lat' dir='ltr'>dubita-</span> 
     </span>
     <span class='ocr_line' id='line_1_15' title="bbox 222 2189 1260 2281; baseline -0.007 -22"><span class='ocrx_word' id='word_1_101' title='bbox 222 2195 290 2274; x_wconf 81' lang='lat' dir='ltr'>vit,</span> <span class='ocrx_word' id='word_1_102' title='bbox 317 2208 354 2258; x_wconf 86' lang='lat' dir='ltr'>ut</span> <span class='ocrx_word' id='word_1_103' title='bbox 382 2215 506 2257; x_wconf 90' lang='lat' dir='ltr'>causam</span> <span class='ocrx_word' id='word_1_104' title='bbox 533 2214 619 2257; x_wconf 91' lang='lat' dir='ltr'>suam</span> <span class='ocrx_word' id='word_1_105' title='bbox 646 2193 677 2254; x_wconf 94' lang='lat' dir='ltr'>in</span> <span class='ocrx_word' id='word_1_106' title='bbox 702 2190 859 2281; x_wconf 86' lang='lat' dir='ltr'>prioribus</span> <span class='ocrx_word' id='word_1_107' title='bbox 886 2189 1047 2256; x_wconf 86' lang='lat' dir='ltr'>obtineret.</span> <span class='ocrx_word' id='word_1_108' title='bbox 1092 2193 1160 2255; x_wconf 89' lang='lat' dir='ltr'>Jarn</span> <span class='ocrx_word' id='word_1_109' title='bbox 1188 2190 1260 2256; x_wconf 88' lang='lat' dir='ltr'>hoc.</span> 
     </span>
     <span class='ocr_line' id='line_1_16' title="bbox 221 2281 1249 2388; baseline -0.003 -23"><span class='ocrx_word' id='word_1_110' title='bbox 221 2300 352 2377; x_wconf 86' lang='lat' dir='ltr'>ferrern,</span> <span class='ocrx_word' id='word_1_111' title='bbox 386 2299 412 2362; x_wconf 92' lang='lat' dir='ltr'>si</span> <span class='ocrx_word' id='word_1_112' title='bbox 444 2295 662 2388; x_wconf 88' lang='lat' dir='ltr'>praecedentes</span> <span class='ocrx_word' id='word_1_113' title='bbox 693 2295 764 2362; x_wconf 91' lang='lat' dir='ltr'>illos</span> <span class='ocrx_word' id='word_1_114' title='bbox 798 2297 841 2360; x_wconf 87' lang='lat' dir='ltr'>ita</span> <span class='ocrx_word' id='word_1_115' title='bbox 864 2281 1075 2361; x_wconf 86' lang='lat' dir='ltr'>constituisset</span> <span class='ocrx_word' id='word_1_116' title='bbox 1101 2311 1136 2361; x_wconf 89' lang='lat' dir='ltr'>nt</span> <span class='ocrx_word' id='word_1_117' title='bbox 1156 2296 1195 2361; x_wconf 91' lang='lat' dir='ltr'>de</span> <span class='ocrx_word' id='word_1_118' title='bbox 1212 2299 1249 2363; x_wconf 92' lang='lat' dir='ltr'>iis</span> 
     </span>
     <span class='ocr_line' id='line_1_17' title="bbox 220 2398 1251 2493; baseline 0 -25"><span class='ocrx_word' id='word_1_119' title='bbox 220 2427 261 2470; x_wconf 88' lang='lat' dir='ltr'>ne</span> <span class='ocrx_word' id='word_1_120' title='bbox 284 2401 414 2468; x_wconf 86' lang='lat' dir='ltr'>dubium</span> <span class='ocrx_word' id='word_1_121' title='bbox 435 2402 561 2492; x_wconf 88' lang='lat' dir='ltr'>quidem</span> <span class='ocrx_word' id='word_1_122' title='bbox 579 2400 822 2493; x_wconf 78' lang='lat' dir='ltr'>relinqueretur3</span> <span class='ocrx_word' id='word_1_123' title='bbox 845 2417 877 2466; x_wconf 87' lang='lat' dir='ltr'>at</span> <span class='ocrx_word' id='word_1_124' title='bbox 899 2398 953 2466; x_wconf 92' lang='lat' dir='ltr'>ille</span> <span class='ocrx_word' id='word_1_125' title='bbox 974 2401 1112 2491; x_wconf 89' lang='lat' dir='ltr'>primum</span> <span class='ocrx_word' id='word_1_126' title='bbox 1133 2403 1210 2468; x_wconf 88' lang='lat' dir='ltr'>mire</span> <span class='ocrx_word' id='word_1_127' title='bbox 1220 2426 1251 2468; x_wconf 92' lang='lat' dir='ltr'>se</span> 
     </span>
     <span class='ocr_line' id='line_1_18' title="bbox 223 2507 1254 2602; baseline -0.004 -26"><span class='ocrx_word' id='word_1_128' title='bbox 223 2527 369 2602; x_wconf 87' lang='lat' dir='ltr'>torquens</span> <span class='ocrx_word' id='word_1_129' title='bbox 403 2509 525 2574; x_wconf 85' lang='lat' dir='ltr'>diversa</span> <span class='ocrx_word' id='word_1_130' title='bbox 555 2529 753 2573; x_wconf 89' lang='lat' dir='ltr'>numerorum</span> <span class='ocrx_word' id='word_1_131' title='bbox 777 2529 888 2591; x_wconf 86' lang='lat' dir='ltr'>genera</span> <span class='ocrx_word' id='word_1_132' title='bbox 922 2507 1104 2593; x_wconf 85' lang='lat' dir='ltr'>conjunxit,</span> <span class='ocrx_word' id='word_1_133' title='bbox 1139 2507 1254 2572; x_wconf 88' lang='lat' dir='ltr'>deinde</span> 
     </span>
     <span class='ocr_line' id='line_1_19' title="bbox 223 2608 1252 2701; baseline -0.006 -19"><span class='ocrx_word' id='word_1_134' title='bbox 223 2617 370 2683; x_wconf 86' lang='lat' dir='ltr'>creticum</span> <span class='ocrx_word' id='word_1_135' title='bbox 401 2612 525 2677; x_wconf 85' lang='lat' dir='ltr'>induxit</span> <span class='ocrx_word' id='word_1_136' title='bbox 552 2625 764 2676; x_wconf 85' lang='lat' dir='ltr'>tetrametrum</span> <span class='ocrx_word' id='word_1_137' title='bbox 791 2608 1099 2701; x_wconf 83' lang='lat' dir='ltr'>hypercatalecturn,</span> <span class='ocrx_word' id='word_1_138' title='bbox 1128 2634 1252 2676; x_wconf 87' lang='lat' dir='ltr'>versum</span> 
     </span>
     <span class='ocr_line' id='line_1_20' title="bbox 222 2714 1253 2808; baseline -0.006 -22"><span class='ocrx_word' id='word_1_139' title='bbox 222 2721 398 2786; x_wconf 86' lang='lat' dir='ltr'>inauditum</span> <span class='ocrx_word' id='word_1_140' title='bbox 427 2740 576 2808; x_wconf 90' lang='lat' dir='ltr'>auresque</span> <span class='ocrx_word' id='word_1_141' title='bbox 599 2714 781 2784; x_wconf 87' lang='lat' dir='ltr'>laedentem.</span> <span class='ocrx_word' id='word_1_142' title='bbox 827 2719 921 2782; x_wconf 86' lang='lat' dir='ltr'>Recte</span> <span class='ocrx_word' id='word_1_143' title='bbox 937 2716 1072 2781; x_wconf 91' lang='lat' dir='ltr'>Weisius</span> <span class='ocrx_word' id='word_1_144' title='bbox 1094 2717 1253 2780; x_wconf 86' lang='lat' dir='ltr'>octonari-</span> 
     </span>
     <span class='ocr_line' id='line_1_21' title="bbox 221 2817 1254 2913; baseline -0.01 -19"><span class='ocrx_word' id='word_1_145' title='bbox 221 2852 274 2895; x_wconf 87' lang='lat' dir='ltr'>um</span> <span class='ocrx_word' id='word_1_146' title='bbox 302 2827 456 2905; x_wconf 91' lang='lat' dir='ltr'>restituit,</span> <span class='ocrx_word' id='word_1_147' title='bbox 489 2823 595 2889; x_wconf 89' lang='lat' dir='ltr'>sedin</span> <span class='ocrx_word' id='word_1_148' title='bbox 619 2819 823 2913; x_wconf 89' lang='lat' dir='ltr'>personarum</span> <span class='ocrx_word' id='word_1_149' title='bbox 845 2819 1024 2886; x_wconf 87' lang='lat' dir='ltr'>nominibus</span> <span class='ocrx_word' id='word_1_150' title='bbox 1049 2817 1131 2884; x_wconf 89' lang='lat' dir='ltr'>nihil</span> <span class='ocrx_word' id='word_1_151' title='bbox 1152 2834 1254 2886; x_wconf 84' lang='lat' dir='ltr'>muta-</span> 
     </span>
     <span class='ocr_line' id='line_1_22' title="bbox 222 2927 1252 2998; baseline -0.006 0"><span class='ocrx_word' id='word_1_152' title='bbox 222 2934 276 2998; x_wconf 81' lang='lat' dir='ltr'>vit.</span> <span class='ocrx_word' id='word_1_153' title='bbox 321 2930 454 2998; x_wconf 88' lang='lat' dir='ltr'>Ultimos</span> <span class='ocrx_word' id='word_1_154' title='bbox 474 2929 589 2996; x_wconf 87' lang='lat' dir='ltr'>cantici</span> <span class='ocrx_word' id='word_1_155' title='bbox 616 2951 723 2996; x_wconf 83' lang='lat' dir='ltr'>versus</span> <span class='ocrx_word' id='word_1_156' title='bbox 751 2929 833 2996; x_wconf 89' lang='lat' dir='ltr'>idem</span> <span class='ocrx_word' id='word_1_157' title='bbox 849 2927 952 2993; x_wconf 89' lang='lat' dir='ltr'>Plauti</span> <span class='ocrx_word' id='word_1_158' title='bbox 977 2927 1078 2992; x_wconf 89' lang='lat' dir='ltr'>editor</span> <span class='ocrx_word' id='word_1_159' title='bbox 1091 2948 1155 2991; x_wconf 92' lang='lat' dir='ltr'>non</span> <span class='ocrx_word' id='word_1_160' title='bbox 1171 2940 1252 2992; x_wconf 85' lang='lat' dir='ltr'>recte</span> 
     </span>
     <span class='ocr_line' id='line_1_23' title="bbox 222 3030 1163 3126; baseline -0.012 -21"><span class='ocrx_word' id='word_1_161' title='bbox 222 3037 383 3104; x_wconf 85' lang='lat' dir='ltr'>constituit</span> <span class='ocrx_word' id='word_1_162' title='bbox 395 3061 403 3117; x_wconf 90' lang='lat'>;</span> <span class='ocrx_word' id='word_1_163' title='bbox 421 3033 653 3126; x_wconf 87' lang='lat' dir='ltr'>pronunciandi</span> <span class='ocrx_word' id='word_1_164' title='bbox 676 3049 762 3114; x_wconf 90' lang='lat' dir='ltr'>sunt,</span> <span class='ocrx_word' id='word_1_165' title='bbox 784 3035 817 3099; x_wconf 95' lang='lat' dir='ltr'>ni</span> <span class='ocrx_word' id='word_1_166' title='bbox 841 3030 950 3110; x_wconf 84' lang='lat' dir='ltr'>fallor,</span> <span class='ocrx_word' id='word_1_167' title='bbox 971 3030 1033 3095; x_wconf 91' lang='lat' dir='ltr'>hoc</span> <span class='ocrx_word' id='word_1_168' title='bbox 1056 3031 1163 3095; x_wconf 88' lang='lat' dir='ltr'>modo:</span> 
     </span>
     <span class='ocr_line' id='line_1_24' title="bbox 453 3136 995 3227; baseline -0.013 -20"><span class='ocrx_word' id='word_1_169' title='bbox 453 3145 549 3208; x_wconf 74' lang='lat' dir='ltr'>Potdr</span> <span class='ocrx_word' id='word_1_170' title='bbox 571 3141 730 3206; x_wconf 68' lang='lat' dir='ltr'>servieritis</span> <span class='ocrx_word' id='word_1_171' title='bbox 755 3136 876 3227; x_wconf 78' lang='lat' dir='ltr'>(Bacch.</span> <span class='ocrx_word' id='word_1_172' title='bbox 899 3138 995 3222; x_wconf 74' lang='lat' dir='ltr'>din).</span> 
     </span>
    </p>

    <p class='ocr_par' dir='ltr' id='par_1_3' title="bbox 223 3239 1266 3652">
     <span class='ocr_line' id='line_1_25' title="bbox 275 3239 1161 3334; baseline -0.009 -23"><span class='ocrx_word' id='word_1_173' title='bbox 275 3239 277 3242; x_wconf 59' lang='grc'><strong>’</strong></span> <span class='ocrx_word' id='word_1_174' title='bbox 344 3251 405 3316; x_wconf 76' lang='lat' dir='ltr'>Hic</span> <span class='ocrx_word' id='word_1_175' title='bbox 426 3251 483 3334; x_wconf 79' lang='lat' dir='ltr'>qot‘</span> <span class='ocrx_word' id='word_1_176' title='bbox 503 3267 602 3314; x_wconf 69' lang='lat' dir='ltr'>cerem</span> <span class='ocrx_word' id='word_1_177' title='bbox 624 3245 760 3312; x_wconf 81' lang='lat' dir='ltr'>adtus&#39;st</span> <span class='ocrx_word' id='word_1_178' title='bbox 780 3250 923 3330; x_wconf 77' lang='lat' dir='ltr'>queritur</span> <span class='ocrx_word' id='word_1_179' title='bbox 945 3239 1054 3332; x_wconf 90' lang='lat' dir='ltr'>(troch.</span> <span class='ocrx_word' id='word_1_180' title='bbox 1076 3240 1161 3329; x_wconf 87' lang='lat' dir='ltr'>dim.)</span> 
     </span>
     <span class='ocr_line' id='line_1_26' title="bbox 224 3347 1256 3450; baseline -0.016 -24"><span class='ocrx_word' id='word_1_181' title='bbox 224 3356 337 3450; x_wconf 87' lang='lat' dir='ltr'>quibus</span> <span class='ocrx_word' id='word_1_182' title='bbox 362 3369 424 3421; x_wconf 89' lang='lat' dir='ltr'>tres</span> <span class='ocrx_word' id='word_1_183' title='bbox 446 3351 637 3443; x_wconf 87' lang='lat' dir='ltr'>praecedunt</span> <span class='ocrx_word' id='word_1_184' title='bbox 663 3347 826 3413; x_wconf 85' lang='lat' dir='ltr'>Bacchiaci</span> <span class='ocrx_word' id='word_1_185' title='bbox 852 3362 971 3414; x_wconf 85' lang='lat' dir='ltr'>tetram.</span> <span class='ocrx_word' id='word_1_186' title='bbox 1016 3347 1067 3410; x_wconf 89' lang='lat' dir='ltr'>Sic</span> <span class='ocrx_word' id='word_1_187' title='bbox 1087 3368 1151 3410; x_wconf 92' lang='lat' dir='ltr'>non</span> <span class='ocrx_word' id='word_1_188' title='bbox 1173 3367 1256 3436; x_wconf 85' lang='lat' dir='ltr'>opus</span> 
     </span>
     <span class='ocr_line' id='line_1_27' title="bbox 223 3451 1266 3536; baseline -0.013 -7"><span class='ocrx_word' id='word_1_189' title='bbox 223 3476 268 3530; x_wconf 88' lang='lat' dir='ltr'>est</span> <span class='ocrx_word' id='word_1_190' title='bbox 291 3484 362 3526; x_wconf 81' lang='lat' dir='ltr'>curn</span> <span class='ocrx_word' id='word_1_191' title='bbox 391 3458 604 3524; x_wconf 89' lang='lat' dir='ltr'>Lindemauno</span> <span class='ocrx_word' id='word_1_192' title='bbox 635 3453 705 3520; x_wconf 91' lang='lat' dir='ltr'>illa:</span> <span class='ocrx_word' id='word_1_193' title='bbox 741 3451 1069 3536; x_wconf 60' lang='lat' dir='ltr'>cenomanicae,</span> <span class='ocrx_word' id='word_1_194' title='bbox 1097 3467 1151 3517; x_wconf 89' lang='lat' dir='ltr'>aut</span> <span class='ocrx_word' id='word_1_195' title='bbox 1181 3474 1266 3518; x_wconf 32' lang='lat' dir='ltr'>cumo</span> 
     </span>
     <span class='ocr_line' id='line_1_28' title="bbox 224 3557 1011 3652; baseline -0.008 -19"><span class='ocrx_word' id='word_1_196' title='bbox 224 3566 342 3633; x_wconf 89' lang='lat' dir='ltr'>Weisio</span> <span class='ocrx_word' id='word_1_197' title='bbox 357 3569 444 3652; x_wconf 90' lang='lat' dir='ltr'>justo</span> <span class='ocrx_word' id='word_1_198' title='bbox 466 3560 641 3628; x_wconf 89' lang='lat' dir='ltr'>breviorem</span> <span class='ocrx_word' id='word_1_199' title='bbox 666 3559 814 3626; x_wconf 88' lang='lat' dir='ltr'>inducere</span> <span class='ocrx_word' id='word_1_200' title='bbox 831 3557 1011 3628; x_wconf 84' lang='lat' dir='ltr'>clausulam.</span> 
     </span>
    </p>
   </div>
   <div class='ocr_carea' id='block_1_3' title="bbox 224 3894 465 3960">
    <p class='ocr_par' dir='ltr' id='par_1_4' title="bbox 224 3894 465 3960">
     <span class='ocr_line' id='line_1_29' title="bbox 224 3894 465 3960; baseline -0.004 -2"><span class='ocrx_word' id='word_1_201' title='bbox 224 3895 246 3960; x_wconf 89' lang='lat'>1.</span> <span class='ocrx_word' id='word_1_202' title='bbox 271 3898 298 3959; x_wconf 90' lang='lat'>1.</span> <span class='ocrx_word' id='word_1_203' title='bbox 322 3915 367 3959; x_wconf 88' lang='lat' dir='ltr'>vs.</span> <span class='ocrx_word' id='word_1_204' title='bbox 393 3894 465 3957; x_wconf 82' lang='lat'><strong>262.</strong></span> 
     </span>
    </p>
   </div>
   <div class='ocr_carea' id='block_1_4' title="bbox 224 4100 1256 4298">
    <p class='ocr_par' dir='ltr' id='par_1_5' title="bbox 224 4100 1256 4298">
     <span class='ocr_line' id='line_1_30' title="bbox 267 4100 1253 4191; baseline -0.01 -19"><span class='ocrx_word' id='word_1_205' title='bbox 267 4107 330 4172; x_wconf 87' lang='lat' dir='ltr'>Sed</span> <span class='ocrx_word' id='word_1_206' title='bbox 352 4106 433 4191; x_wconf 71' lang='lat' dir='ltr'>quic·</span> <span class='ocrx_word' id='word_1_207' title='bbox 449 4106 519 4170; x_wconf 79' lang='lat' dir='ltr'>ais?</span> <span class='ocrx_word' id='word_1_208' title='bbox 541 4104 617 4188; x_wconf 80' lang='lat' dir='ltr'>qaut</span> <span class='ocrx_word' id='word_1_209' title='bbox 638 4100 861 4186; x_wconf 74' lang='lat' dir='ltr'>Amphitruoni</span> <span class='ocrx_word' id='word_1_210' title='bbox 877 4121 897 4165; x_wconf 86' lang='lat' dir='ltr'>a</span> <span class='ocrx_word' id='word_1_211' title='bbox 912 4101 1050 4166; x_wconf 78' lang='lat' dir='ltr'>Telebois</span> <span class='ocrx_word' id='word_1_212' title='bbox 1064 4102 1173 4164; x_wconf 81' lang='lat' dir='ltr'>dolum</span> <span class='ocrx_word' id='word_1_213' title='bbox 1187 4108 1253 4165; x_wconf 84' lang='lat' dir='ltr'>est?</span> 
     </span>
     <span class='ocr_line' id='line_1_31' title="bbox 224 4200 1256 4298; baseline -0.008 -24"><span class='ocrx_word' id='word_1_214' title='bbox 224 4211 314 4276; x_wconf 89' lang='lat' dir='ltr'>Hunc</span> <span class='ocrx_word' id='word_1_215' title='bbox 344 4229 469 4274; x_wconf 83' lang='lat' dir='ltr'>versum</span> <span class='ocrx_word' id='word_1_216' title='bbox 498 4217 686 4298; x_wconf 83' lang='lat' dir='ltr'>quamquam</span> <span class='ocrx_word' id='word_1_217' title='bbox 717 4202 808 4271; x_wconf 85' lang='lat' dir='ltr'>facile</span> <span class='ocrx_word' id='word_1_218' title='bbox 834 4204 993 4270; x_wconf 84' lang='lat' dir='ltr'>restituere</span> <span class='ocrx_word' id='word_1_219' title='bbox 1019 4203 1118 4294; x_wconf 85' lang='lat' dir='ltr'>possis</span> <span class='ocrx_word' id='word_1_220' title='bbox 1138 4200 1256 4268; x_wconf 61' lang='lat' dir='ltr'>verbo</span> 
     </span>
    </p>
   </div>
   <div class='ocr_carea' id='block_1_5' title="bbox 0 0 1598 5014">
    <p class='ocr_par' dir='ltr' id='par_1_6' title="bbox 0 0 1598 5014">
     <span class='ocr_line' id='line_1_32' title="bbox 0 0 1598 5014; baseline 0 0"><span class='ocrx_word' id='word_1_221' title='bbox 0 0 1598 5014; x_wconf 95' lang='lat' dir='ltr'> </span> 
     </span>
    </p>
   </div>
  </div>
 </body>
</html>
