3182 5014
599 1212 1078 1318 TRlllUllllllIlS.

736 1483 943 1506 ι-ονδυ-

325 1644 349 1710 l.
373 1646 393 1708 2
416 1666 461 1712 vs.
487 1647 545 1712 10:

367 1753 419 1821 Cn.
444 1754 471 1821 0
494 1757 597 1823 amico
610 1758 717 1834 salve,
742 1758 836 1842 timue
852 1758 1014 1842 aequalis,
1037 1760 1076 1821 dt
1103 1754 1223 1832 υαὶθε,1

367 1860 608 1945 Meqarooides?
628 1859 685 1926 Mn
702 1871 734 1927 et
753 1871 789 1926 to
808 1863 917 1945 edepol
937 1863 1043 1940 soloe,
1070 1857 1224 1926 Odlltoles.

325 1962 429 2030 ltlultis
455 1961 635 2032 nominibus
659 1963 737 2031 haec
770 1966 945 2034 offendunt.
988 1966 1056 2050 ligo
1083 1962 1136 2029 hic
1162 1977 1286 2055 turpem
1304 1986 1359 2051 ag-

324 2090 420 2135 nosco
446 2067 727 2158 interpolationem.
776 2070 878 2140 Verba
900 2070 1097 2137 intermedia:
1120 2079 1214 2155 atquc
1237 2089 1357 2155 osqua-

323 2176 384 2253 lt't,
408 2183 446 2240 ot
476 2177 571 2255 onies,
594 2179 821 2262 Mepcrooides,
854 2178 960 2267 spuria
984 2199 1061 2257 esse,
1093 2174 1232 2266 quinque
1268 2197 1357 2262 argu·

323 2291 435 2342 mentrs
452 2279 611 2344 evincam:

370 2384 413 2451 1⁰.
432 2395 525 2471 atquo
543 2387 686 2472 aequalis
704 2383 766 2452 hoc
785 2386 892 2476 positu
913 2387 1042 2452 mirifice
1053 2385 1175 2470 frigent.
1197 2385 1318 2450 Ferrem
1329 2385 1355 2452 si

323 2486 383 2553 hoc
418 2489 528 2554 ordine
556 2486 727 2573 legeretur:
761 2491 924 2568 Oomioe,
961 2502 1054 2578 atque
1072 2495 1228 2578 aequalis,
1248 2493 1356 2557 soloe!

323 2613 408 2656 nuno
436 2606 508 2682 post
539 2590 707 2659 solemnem
738 2594 864 2660 demum
892 2592 1049 2661 salutandi
1071 2593 1237 2661 formulam
1267 2594 1356 2660 intu-

323 2691 378 2774 lit,
403 2717 435 2761 se
462 2697 529 2785 ipse
547 2698 634 2786 quasi
657 2699 830 2784 corrigens,
863 2713 894 2764 et
916 2699 1002 2790 quod
1022 2699 1124 2766 dicere
1138 2696 1255 2766 oblitus
1273 2713 1355 2780 erat,

325 2821 393 2866 sero
414 2800 539 2867 addens.

369 2904 413 2970 2⁰,
430 2904 513 2973 nihil
540 2905 707 2997 respondet
733 2906 943 2991 Megaronides
968 2908 1008 2973 nd
1034 2929 1091 2988 ea,
1112 2931 1191 2999 quae
1210 2925 1354 2996 rogatur,

322 3023 361 3080 ut
391 3016 502 3081 voles?
526 3013 589 3093 sed,
615 3009 704 3076 nulla
733 3009 847 3077 horum
878 3012 1045 3079 verborum
1075 3012 1184 3080 habita
1216 3016 1354 3097 ratione,

323 3117 365 3183 ad
397 3120 563 3185 remotiora
589 3134 712 3187 tantum
742 3121 883 3210 respicit:
922 3121 949 3186 0
979 3125 1079 3190 amico
1107 3126 1217 3192 solvo!

368 3224 412 3290 3⁰.
432 3247 538 3292 versus
556 3227 691 3316 turpiter
712 3224 791 3306 hiat,
812 3241 949 3293 cessante
969 3224 1162 3318 synaloepha
1185 3227 1218 3293 in
1236 3227 1354 3296 verbis:

321 3330 410 3396 salve
424 3341 535 3417 atque,
565 3333 617 3398 cui
632 3327 716 3396 malo
738 3330 910 3396 remedium
928 3330 1125 3398 adhibiturus
1144 3335 1249 3402 nescio
1267 3337 1355 3427 quis,

322 3446 431 3498 contra
448 3435 571 3502 codices
584 3436 704 3502 infersit
728 3441 775 3503 mi
790 3459 979 3526 pronomen:

454 3541 600 3608 Oomc'ce
620 3544 707 3609 solra
726 3546 789 3622 mi,
811 3547 905 3629 <itque
928 3545 1089 3629 aequuum

322 3640 534 3710 infelicissima
552 3647 739 3731 conjectura.

368 3748 412 3812 4⁰.
431 3746 626 3829 Probabilis,
653 3763 690 3814 ut
715 3749 795 3815 mihi
818 3751 963 3828 videtur,
986 3749 1080 3838 hujus
1101 3747 1351 3841 interpolationis

321 3851 391 3917 duri
421 3868 524 3944 potest
553 3876 657 3919 causa.
704 3854 807 3919 Didici
839 3853 958 3921 scilicet
981 3877 1019 3921 ex
1039 3852 1201 3920 Ritschelii
1220 3851 1353 3917 maxime

323 3956 364 4021 ad
378 3957 546 4026 Bacchides
572 3956 808 4043 diligentissima
825 3960 970 4025 codicum
988 3957 1173 4038 collatione,
1196 3954 1353 4021 interdum

323 4060 355 4126 in
385 4060 474 4129 libris
504 4065 571 4130 Mss.
604 4061 863 4130 interlocutorum
888 4065 1015 4130 nomina
1033 4060 1126 4153 plena
1149 4062 1298 4153 appingi,
1321 4077 1353 4129 et

322 4166 442 4234 mediae
461 4167 537 4235 adeo
552 4169 686 4235 orationi
703 4169 861 4260 interponi
881 4171 931 4261 (cl.
941 4194 965 4238 e.
979 4191 1006 4256 g.
1025 4163 1173 4236 Ritschel.
1189 4168 1229 4235 ad
1240 4167 1350 4236 Bacch⁴
